3509 5425
194 359 254 420 294
735 359 787 418 ΕΖ.
809 359 859 431 28,
885 360 976 420 ta-rs

193 509 272 576 vide
285 515 376 589 tbi.
390 516 422 576 5.
439 515 492 576 rt.
505 514 565 589 213
580 514 698 590 2¹1,36;
711 535 726 570 α
741 514 779 575 ut
789 509 974 600 impleatur
988 507 1079 599 quod
1092 508 1317 600 scriptumest
1334 530 1341 576 :
1357 529 1425 575 non
1435 529 1520 598 par-

194 636 271 683 carn
286 616 349 682 tibi
367 621 401 689 et
419 636 487 681 non
511 614 697 681 miserebor
714 642 730 677 a
747 615 797 704 (S.
815 615 939 704 Hira).
957 616 1056 682 liebr.
1082 637 1195 682 omnes
1214 614 1277 706 qui
1294 625 1419 682 norunt
1434 627 1465 680 te
1483 615 1522 681 iu

193 722 346 811 pentibus
364 720 567 812 stupebunt;
584 721 707 787 terrori
723 723 788 788 eric
808 722 865 812 (cf.
892 721 999 789 trata.
1019 725 1106 790 Mur.
1126 725 1210 812 Lep.
1234 729 1269 789 et
1283 722 1520 810 recentiores).

195 834 306 919 Supra
320 849 442 896 navem
460 829 586 915 tyriam
606 829 786 915 naufragio
801 829 1020 896 interituram
1034 829 1230 919 descripsit,
1252 829 1310 895 hic
1323 828 1446 896 urbem
1463 827 1522 894 in-

194 935 329 1015 cendio;
342 940 485 1026 utroque
495 935 652 1001 interitus
666 956 792 1022 genere
804 935 975 1002 excidium
987 936 1089 1026 plane
1101 935 1294 1003 absolutum
1309 935 1519 1002 declaratur.

233 1123 380 1184 Ceterum
394 1122 599 1201 perspicuum
617 1127 665 1182 est
686 1139 795 1201 regem
814 1122 848 1182 in
869 1121 931 1184 hoc
942 1123 1082 1184 carmine
1097 1121 1290 1184 considerari
1305 1125 1469 1200 tamquam
1486 1121 1519 1182 in

194 1238 257 1298 quo
269 1221 367 1281 totius
380 1220 519 1280 civitatis
534 1219 685 1298 splendor
698 1225 730 1280 et
744 1219 846 1299 gloria
862 1218 1070 1281 concludatur
1085 1220 1184 1298 etqui
1201 1225 1236 1280 ut
1248 1218 1359 1299 populi
1375 1224 1471 1298 caput
1486 1223 1521 1280 et

192 1336 247 1379 rex
262 1319 369 1379 omnia
382 1319 481 1378 totius
502 1317 612 1397 populi
630 1317 736 1378 studia
751 1318 784 1377 in
800 1336 833 1378 se
858 1316 1105 1396 comprehendat
1120 1319 1209 1395 quasi
1233 1323 1266 1379 et
1287 1321 1517 1396 repraesentet.

192 1417 239 1477 lta
261 1404 407 1476 Ezechiel
422 1416 462 1475 de
475 1432 550 1494 rege
563 1415 698 1495 Aegypti
713 1416 747 1475 in
762 1416 889 1494 subseq.
905 1415 1057 1494 loquitur,
1075 1416 1118 1476 ita
1134 1421 1207 1476 ante
1226 1433 1298 1476 eum
1314 1415 1354 1474 dc
1368 1431 1442 1493 rege
1461 1415 1521 1474 Ba·

193 1513 317 1592 bylonis
333 1514 429 1573 isaias
450 1513 574 1574 locutus
589 1518 636 1574 est
652 1516 723 1584 ilat
738 1531 822 1592 seq.;
838 1513 869 1573 id
890 1531 964 1574 cuin
978 1531 1041 1574 non
1056 1513 1235 1574 attenderet
1247 1511 1400 1586 Manebat,
1418 1511 1519 1573 etiam

194 1612 228 1671 in
246 1611 307 1672 hoc
333 1611 472 1672 carmine
496 1628 546 1672 res
568 1611 660 1689 plane
675 1611 894 1672 dissociabiles
919 1612 1001 1672 inter
1023 1629 1056 1672 se
1080 1611 1169 1689 iungi
1195 1611 1279 1672 serio
1300 1610 1517 1688 conqueritur.

193 1710 357 1788 Ingentem
381 1708 593 1786 deprehendit
617 1709 900 1770 contradictionem
921 1709 1005 1769 inter
1018 1709 1154 1784 tbi-tt)
1169 1713 1200 1769 et
1220 1711 1268 1768 Π.
1287 1710 1324 1769 18
1342 1726 1349 1768 :
1366 1708 1410 1767 ibi
1430 1707 1538 1770 enim.

194 1823 302 1886 regem
326 1805 428 1867 occidi
452 1807 491 1867 ab
513 1807 658 1867 hostibus
678 1806 711 1866 in
731 1806 956 1878 mediomari,
978 1806 1031 1866 hic
1048 1824 1123 1868 vero
1145 1806 1179 1866 in
1201 1810 1317 1867 terram
1340 1806 1516 1884 prosterni,

110 1939 113 1945 ,
194 1905 293 1964 imino
308 1905 415 1982 iguem
426 1905 466 1964 de
481 1904 589 1966 medio
602 1904 671 1966 eius
684 1904 817 1982 produci
832 1922 895 1983 quo
913 1905 1083 1966 devoretur
1099 1923 1106 1964 :
1126 1929 1141 1960 a
1159 1905 1185 1964 si
1201 1905 1233 1964 in
1250 1904 1331 1966 mari
1347 1902 1516 1974 occiditur,

193 2019 289 2063 nemo
303 2002 366 2062 nisi
387 2003 442 2080 qui
463 2019 577 2081 sopore
594 2006 625 2062 et
642 2002 766 2063 insania
780 2019 953 2082 oppressus
973 2003 1015 2061 sit
1034 2020 1072 2062 ex
1092 2003 1244 2063 cadavere
1260 2001 1368 2080 ignem
1383 2000 1517 2080 produci

194 2100 332 2161 scribere
350 2100 483 2178 poterit;
500 2099 572 2162 urbs
587 2100 659 2179 igne
685 2099 868 2170 devoratur,
886 2118 941 2160 rec·
963 2117 1037 2161 vero
1058 2099 1212 2160 occiditur
1229 2099 1261 2158 ai
1278 2100 1400 2160 Eodem
1422 2097 1517 2159 modo

193 2197 390 2276 obstupescit
404 2196 490 2276 quod
510 2197 642 2271 dicatur,
659 2200 738 2276 reqis
753 2197 905 2258 interiora
921 2197 1045 2276 impleri
1066 2197 1237 2276 iniquitate
1259 2197 1292 2257 in
1311 2195 1517 2258 multitudine

194 2295 435 2373 negotiationis3
450 2293 526 2355 haec
540 2295 579 2355 ad
595 2313 689 2355 unam
704 2296 817 2356 urbem
831 2296 944 2356 referri
960 2313 1069 2374 posse,
1086 2296 1133 2356 uti
1150 2297 1271 2374 pariter
1284 2297 1368 2370 284⁰).
1386 2297 1434 2368 in.
1453 2295 1518 2354 Rex

195 2394 294 2471 igitur
308 2397 385 2471 puto
400 2393 439 2452 ab
458 2393 609 2453 omnibus
625 2411 704 2471 quae
726 2394 757 2453 in
782 2410 881 2472 regno
904 2393 985 2454 liunt
1009 2392 1226 2454 alienissimus
1242 2397 1306 2465 est;
1323 2409 1420 2470 quare
1444 2408 1519 2452 mor

194 2490 402 2552 edocebimur
424 2490 463 2550 de
477 2489 563 2568 regis
585 2491 729 2569 potentia
746 2508 872 2569 quoque
897 2509 960 2552 non
983 2508 1075 2570 posse
1101 2491 1203 2570 ingeri
1230 2503 1426 2562 sermonem,
1445 2489 1520 2567 quia

194 2587 272 2650 haec
285 2587 316 2648 in
332 2588 469 2660 civibuS,
485 2588 643 2649 militibus
662 2591 721 2648 etc.
737 2589 904 2649 consistat!
922 2591 962 2648 Et
974 2585 1094 2649 talibus
1109 2589 1295 2649 ratiunculis
1313 2593 1418 2648 motus
1432 2587 1520 2647 criti·

194 2704 249 2749 cus
272 2690 394 2747 textum
416 2687 455 2748 ab
475 2686 624 2747 omnibus
644 2686 779 2749 testibus
797 2684 949 2749 traditum
965 2685 1095 2763 lacerat,
1111 2686 1251 2759 mutilat,
1272 2685 1436 2765 discerpit.
1454 2685 1517 2746 Sed

195 2785 271 2845 satis
287 2784 326 2845 de
341 2784 391 2845 his
404 2784 633 2863 speciminibus
645 2784 780 2846 criticis!

239 2964 324 3027 Cum
343 2959 499 3028 doctrina
510 2960 552 3028 de
571 2965 711 3051 peccato
726 2960 931 3049 angelorum
944 2961 1036 3051 quod
1053 2961 1097 3029 ad
1111 2960 1309 3051 superbiam
1324 2961 1471 3027 refertur
1484 2968 1520 3030 et

194 3067 237 3135 de
252 3090 371 3135 eorum
390 3067 490 3157 lapsu
508 3076 541 3133 et
560 3069 596 3133 in
608 3068 770 3157 abyssum
783 3067 1021 3135 deturbatione
1043 3072 1125 3135 nota
1140 3068 1183 3136 sit
1204 3067 1355 3151 aliunde,
1371 3088 1520 3157 pronum

196 3180 245 3241 est
258 3175 325 3241 hoc
345 3174 522 3241 oraculum
543 3172 585 3239 ad
600 3174 696 3240 illum
711 3179 871 3241 eventum
886 3174 1159 3243 accommodare.
1186 3178 1292 3241 immo
1311 3195 1380 3240 non
1395 3174 1520 3241 desunt

195 3281 256 3369 qni
281 3286 440 3347 censeant
458 3280 570 3347 verbis
589 3280 656 3347 illis
679 3280 846 3370 principis
864 3281 1069 3367 angelorum
1085 3280 1267 3349 rebellium
1281 3284 1458 3371 peccatum
1483 3286 1519 3349 et

195 3387 331 3452 ruinam
345 3387 471 3453 directe
486 3394 520 3453 et
540 3409 603 3477 per
617 3409 652 3453 se
667 3387 781 3453 doceri
796 3392 830 3455 et
849 3386 1010 3454 describi.
1038 3387 1204 3454 {dtamen
1224 3386 1363 3454 admitti
1384 3387 1517 3477 nequit.

196 3493 260 3579 Agi
274 3494 365 3559 enim
378 3492 420 3559 de
441 3514 522 3580 rege
542 3494 631 3580 tyrio
651 3515 691 3559 eo
710 3493 898 3584 modoque
916 3493 1010 3585 apud
1027 3494 1148 3563 isaiam
1169 3500 1269 3575 1t‚13
1289 3515 1360 3584 seq.
1377 3493 1422 3561 de
1435 3514 1522 3581 rege

197 3598 390 3685 Rabylonis,
409 3604 480 3665 tarn
496 3600 633 3666 clareat
652 3601 809 3691 explicite
827 3599 942 3667 verbis
959 3601 1041 3691 ipsis
1060 3607 1094 3668 et
1111 3606 1182 3668 toto
1206 3605 1364 3667 contextu
1388 3604 1521 3667 remoto

197 3712 230 3772 et
248 3705 404 3796 proximo
418 3711 524 3797 patet,
545 3711 583 3772 ut
598 3706 769 3797 quomodo
784 3706 819 3773 id
835 3705 1027 3775 distinctius
1042 3713 1075 3774 ct
1091 3706 1264 3775 efficacius
1279 3728 1407 3775 asseras
1425 3708 1524 3773 inve-

196 3813 271 3879 nire
289 3834 357 3878 non
371 3813 488 3903 possis.
509 3817 550 3879 At
565 3836 604 3879 ex
616 3813 723 3882 altera
739 3819 837 3903 parte
853 3813 923 3881 dici
937 3818 1049 3904 potest
1062 3813 1255 3881 doctrinam
1266 3814 1363 3881 illam
1378 3813 1439 3880 etsi
1451 3814 1523 3880 hoc

195 3919 270 3987 loco
288 3940 357 3985 non
371 3919 569 3986 enuntietur
584 3924 617 3986 et
632 3919 795 3987 doceatur
813 3942 937 4010 perse,
962 3924 1077 3987 tamen
1095 3922 1131 3987 in
1148 3919 1250 3991 modo
1269 3926 1303 3987 et
1324 3920 1438 3987 colore
1464 3919 1523 3986 di-

196 4025 296 4093 cendi
307 4026 465 4117 supponi.
484 4028 685 4094 luremerito
699 4026 791 4094 enim
807 4026 922 4093 dicere
936 4027 1080 4117 poteris,
1095 4028 1165 4093 vati
1180 4046 1360 4117 nunquam
1372 4024 1408 4093 in
1425 4047 1524 4093 men·

195 4139 265 4200 tem
283 4138 466 4200 venturum
481 4133 595 4213 luisse,
619 4138 656 4199 ut
669 4132 729 4199 tali
744 4131 898 4199 uteretur
911 4154 990 4200 cum
1014 4133 1146 4200 cherub
1166 4132 1432 4222 comparatione,
1449 4130 1521 4199 nisi

197 4238 239 4305 de
252 4239 351 4327 lapsu
368 4245 401 4307 et
413 4239 633 4326 castigatione
647 4240 816 4330 praeclari
838 4240 981 4307 alicuius
1005 4238 1122 4328 angeli
1143 4240 1260 4307 suisset
1279 4238 1429 4305 edoctus.
1451 4242 1523 4307 Hac

196 4366 276 4411 vero
295 4368 332 4411 re
346 4347 518 4437 supposita
533 4345 654 4413 modus
672 4346 838 4436 loquendi
857 4352 892 4413 et
908 4347 1023 4433 figura
1037 4352 1071 4413 et
1085 4345 1269 4438 appellatio
1287 4345 1388 4412 facile
1405 4344 1524 4413 decla·

196 4454 302 4517 ratur.
329 4452 497 4519 Habemus
516 4454 625 4544 igitur
648 4452 758 4519 simile
788 4451 874 4541 qnid
900 4453 950 4519 illi
973 4452 1067 4543 quod
1092 4452 1135 4520 ad
1163 4476 1194 4520 v.
1220 4458 1239 4519 3
1263 4451 1425 4521 vidimus.
1449 4452 1524 4519 Nisi

197 4557 288 4623 enim
308 4563 401 4625 vates
422 4558 464 4626 de
484 4560 650 4648 sapientia
675 4559 821 4626 Danielis
844 4561 970 4627 certior
995 4560 1104 4627 iactus
1126 4560 1255 4643 fuisset,
1277 4572 1456 4649 nunquam
1481 4582 1524 4628 eo

196 4660 297 4730 modo
317 4669 402 4730 esset
421 4664 569 4744 locutus3
586 4665 663 4756 pari
682 4666 813 4733 ratione
829 4666 872 4733 de
892 4672 1008 4733 nostro
1027 4666 1103 4734 loco
1122 4665 1271 4733 dixeris:
1289 4666 1354 4733 nisi
1368 4662 1522 4733 scivisset

196 4770 334 4839 aliunde
355 4792 462 4838 unum
481 4796 521 4839 ex
542 4772 673 4858 angelis
692 4771 952 4840 sublimioribus
973 4772 1134 4863 superbia
1150 4794 1303 4863 peccasse
1324 4777 1411 4840 etex
1425 4794 1525 4839 sum-
