<?xml version="1.0" encoding="UTF-8"?>
<!DOCTYPE html PUBLIC "-//W3C//DTD XHTML 1.0 Transitional//EN"
    "http://www.w3.org/TR/xhtml1/DTD/xhtml1-transitional.dtd">
<html xmlns="http://www.w3.org/1999/xhtml" xml:lang="en" lang="en">
 <head>
  <title>
</title>
<meta http-equiv="Content-Type" content="text/html;charset=utf-8" />
  <meta name='ocr-system' content='tesseract 3.04.00' />
  <meta name='ocr-capabilities' content='ocr_page ocr_carea ocr_par ocr_line ocrx_word'/>
</head>
<body>
  <div class='ocr_page' id='page_1' title='image "./commentariusine00knabgoog_0104.png"; bbox 0 0 3509 5425; ppageno 0'>
   <div class='ocr_carea' id='block_1_1' title="bbox 368 445 1889 509">
    <p class='ocr_par' dir='ltr' id='par_1_1' title="bbox 368 445 1889 509">
     <span class='ocr_line' id='line_1_1' title="bbox 368 445 1889 509; baseline 0 -9"><span class='ocrx_word' id='word_1_1' title='bbox 368 449 441 500; x_wconf 63' lang='lat'>92</span> <span class='ocrx_word' id='word_1_2' title='bbox 1486 445 1579 500; x_wconf 63' lang='lat' dir='ltr'>Eis.</span> <span class='ocrx_word' id='word_1_3' title='bbox 1628 449 1686 509; x_wconf 61' lang='grc' dir='ltr'>ὃ,</span> <span class='ocrx_word' id='word_1_4' title='bbox 1735 445 1889 501; x_wconf 70' lang='lat'>8-12</span> 
     </span>
    </p>
   </div>
   <div class='ocr_carea' id='block_1_2' title="bbox 359 587 3014 4409">
    <p class='ocr_par' dir='ltr' id='par_1_2' title="bbox 359 587 3014 4409">
     <span class='ocr_line' id='line_1_2' title="bbox 364 587 3012 678; baseline -0.002 -22"><span class='ocrx_word' id='word_1_5' title='bbox 364 590 797 656; x_wconf 87' lang='lat' dir='ltr'>simulacrum</span> <span class='ocrx_word' id='word_1_6' title='bbox 841 591 1134 678; x_wconf 83' lang='lat' dir='ltr'>positum</span> <span class='ocrx_word' id='word_1_7' title='bbox 1173 588 1345 655; x_wconf 88' lang='lat' dir='ltr'>vidit</span> <span class='ocrx_word' id='word_1_8' title='bbox 1374 613 1439 656; x_wconf 84' lang='lat' dir='ltr'>V.</span> <span class='ocrx_word' id='word_1_9' title='bbox 1473 597 1540 657; x_wconf 85' lang='lat'>5.</span> <span class='ocrx_word' id='word_1_10' title='bbox 1583 590 1713 657; x_wconf 79' lang='lat' dir='ltr'>Alii</span> <span class='ocrx_word' id='word_1_11' title='bbox 1748 599 1978 657; x_wconf 90' lang='lat' dir='ltr'>tamen</span> <span class='ocrx_word' id='word_1_12' title='bbox 2017 589 2368 656; x_wconf 88' lang='lat' dir='ltr'>introitum</span> <span class='ocrx_word' id='word_1_13' title='bbox 2410 588 2879 676; x_wconf 79' lang='lat' dir='ltr'>aquilonarem</span> <span class='ocrx_word' id='word_1_14' title='bbox 2913 587 3012 653; x_wconf 88' lang='lat' dir='ltr'>ad</span> 
     </span>
     <span class='ocr_line' id='line_1_3' title="bbox 364 694 3014 781; baseline -0.002 -17"><span class='ocrx_word' id='word_1_15' title='bbox 364 698 617 764; x_wconf 89' lang='lat' dir='ltr'>atrium</span> <span class='ocrx_word' id='word_1_16' title='bbox 647 697 940 763; x_wconf 81' lang='lat' dir='ltr'>exterius</span> <span class='ocrx_word' id='word_1_17' title='bbox 970 696 1387 781; x_wconf 88' lang='lat' dir='ltr'>intelligunt.</span> <span class='ocrx_word' id='word_1_18' title='bbox 1419 699 1730 762; x_wconf 88' lang='lat' dir='ltr'>Ceterum</span> <span class='ocrx_word' id='word_1_19' title='bbox 1753 718 1914 762; x_wconf 89' lang='lat' dir='ltr'>cum</span> <span class='ocrx_word' id='word_1_20' title='bbox 1945 695 2028 761; x_wconf 90' lang='lat' dir='ltr'>de</span> <span class='ocrx_word' id='word_1_21' title='bbox 2059 696 2315 762; x_wconf 83' lang='lat' dir='ltr'><strong>visione</strong></span> <span class='ocrx_word' id='word_1_22' title='bbox 2345 702 2617 780; x_wconf 78' lang='lat' dir='ltr'>agatur,</span> <span class='ocrx_word' id='word_1_23' title='bbox 2651 694 2819 759; x_wconf 90' lang='lat' dir='ltr'>haec</span> <span class='ocrx_word' id='word_1_24' title='bbox 2843 715 3014 759; x_wconf 90' lang='lat' dir='ltr'>con-</span> 
     </span>
     <span class='ocr_line' id='line_1_4' title="bbox 364 797 3010 891; baseline -0.001 -23"><span class='ocrx_word' id='word_1_25' title='bbox 364 803 691 870; x_wconf 88' lang='lat' dir='ltr'>troversia</span> <span class='ocrx_word' id='word_1_26' title='bbox 729 801 982 868; x_wconf 89' lang='lat' dir='ltr'>nullius</span> <span class='ocrx_word' id='word_1_27' title='bbox 1011 808 1108 867; x_wconf 90' lang='lat' dir='ltr'>est</span> <span class='ocrx_word' id='word_1_28' title='bbox 1144 802 1491 868; x_wconf 78' lang='lat' dir='ltr'><strong>momenti.</strong></span> <span class='ocrx_word' id='word_1_29' title='bbox 1534 804 1748 869; x_wconf 86' lang='lat' dir='ltr'>Etiam</span> <span class='ocrx_word' id='word_1_30' title='bbox 1781 805 1854 869; x_wconf 87' lang='lat' dir='ltr'>in</span> <span class='ocrx_word' id='word_1_31' title='bbox 1884 801 2452 891; x_wconf 81' lang='lat' dir='ltr'>subsequentibus</span> <span class='ocrx_word' id='word_1_32' title='bbox 2489 823 2598 867; x_wconf 90' lang='lat' dir='ltr'>res</span> <span class='ocrx_word' id='word_1_33' title='bbox 2637 801 2734 865; x_wconf 89' lang='lat' dir='ltr'>ita</span> <span class='ocrx_word' id='word_1_34' title='bbox 2763 797 3010 889; x_wconf 87' lang='lat' dir='ltr'>depin-</span> 
     </span>
     <span class='ocr_line' id='line_1_5' title="bbox 362 907 3011 998; baseline -0.002 -22"><span class='ocrx_word' id='word_1_35' title='bbox 362 916 643 996; x_wconf 78' lang='lat' dir='ltr'>guntur,</span> <span class='ocrx_word' id='word_1_36' title='bbox 678 915 752 974; x_wconf 88' lang='lat' dir='ltr'>ut</span> <span class='ocrx_word' id='word_1_37' title='bbox 789 909 1006 975; x_wconf 92' lang='lat' dir='ltr'>solum</span> <span class='ocrx_word' id='word_1_38' title='bbox 1041 907 1235 975; x_wconf 82' lang='lat' dir='ltr'>ideae</span> <span class='ocrx_word' id='word_1_39' title='bbox 1275 910 1767 998; x_wconf 73' lang='lat' dir='ltr'>exprimantur,</span> <span class='ocrx_word' id='word_1_40' title='bbox 1807 932 1943 976; x_wconf 89' lang='lat' dir='ltr'>non</span> <span class='ocrx_word' id='word_1_41' title='bbox 1976 932 2059 976; x_wconf 90' lang='lat' dir='ltr'>ea</span> <span class='ocrx_word' id='word_1_42' title='bbox 2086 931 2263 997; x_wconf 88' lang='lat' dir='ltr'>quae</span> <span class='ocrx_word' id='word_1_43' title='bbox 2288 930 2447 974; x_wconf 89' lang='lat' dir='ltr'>vere</span> <span class='ocrx_word' id='word_1_44' title='bbox 2474 909 2544 973; x_wconf 91' lang='lat' dir='ltr'>in</span> <span class='ocrx_word' id='word_1_45' title='bbox 2574 907 2803 994; x_wconf 87' lang='lat' dir='ltr'>aliquo</span> <span class='ocrx_word' id='word_1_46' title='bbox 2829 913 3011 972; x_wconf 88' lang='lat' dir='ltr'>tem—</span> 
     </span>
     <span class='ocr_line' id='line_1_6' title="bbox 360 1013 3009 1105; baseline -0 -26"><span class='ocrx_word' id='word_1_47' title='bbox 360 1016 459 1105; x_wconf 86' lang='lat' dir='ltr'>pli</span> <span class='ocrx_word' id='word_1_48' title='bbox 487 1016 798 1082; x_wconf 87' lang='lat' dir='ltr'>cubiculo</span> <span class='ocrx_word' id='word_1_49' title='bbox 824 1021 1100 1104; x_wconf 88' lang='lat' dir='ltr'>peracta</span> <span class='ocrx_word' id='word_1_50' title='bbox 1129 1015 1284 1080; x_wconf 88' lang='lat' dir='ltr'>sint.</span> <span class='ocrx_word' id='word_1_51' title='bbox 1322 1020 1498 1081; x_wconf 92' lang='lat' dir='ltr'>Bene</span> <span class='ocrx_word' id='word_1_52' title='bbox 1528 1017 1712 1082; x_wconf 91' lang='lat' dir='ltr'>enim</span> <span class='ocrx_word' id='word_1_53' title='bbox 1743 1015 2036 1082; x_wconf 87' lang='lat' dir='ltr'>advertit</span> <span class='ocrx_word' id='word_1_54' title='bbox 2059 1014 2274 1082; x_wconf 88' lang='lat' dir='ltr'>Mald.</span> <span class='ocrx_word' id='word_1_55' title='bbox 2314 1036 2336 1080; x_wconf 92' lang='grc'>.·</span> <span class='ocrx_word' id='word_1_56' title='bbox 2366 1041 2397 1075; x_wconf 89' lang='lat'>«</span> <span class='ocrx_word' id='word_1_57' title='bbox 2428 1015 2612 1081; x_wconf 84' lang='lat' dir='ltr'>locus</span> <span class='ocrx_word' id='word_1_58' title='bbox 2639 1015 2709 1079; x_wconf 93' lang='lat' dir='ltr'>in</span> <span class='ocrx_word' id='word_1_59' title='bbox 2746 1013 3009 1102; x_wconf 91' lang='lat' dir='ltr'>pariete</span> 
     </span>
     <span class='ocr_line' id='line_1_7' title="bbox 364 1119 3009 1212; baseline -0.001 -25"><span class='ocrx_word' id='word_1_60' title='bbox 364 1122 635 1189; x_wconf 88' lang='lat' dir='ltr'>abditus</span> <span class='ocrx_word' id='word_1_61' title='bbox 667 1123 1008 1208; x_wconf 84' lang='lat' dir='ltr'>significat</span> <span class='ocrx_word' id='word_1_62' title='bbox 1049 1121 1325 1188; x_wconf 90' lang='lat' dir='ltr'>ludaeos</span> <span class='ocrx_word' id='word_1_63' title='bbox 1363 1124 1778 1188; x_wconf 80' lang='lat' dir='ltr'>extrinsecus</span> <span class='ocrx_word' id='word_1_64' title='bbox 1816 1122 2094 1212; x_wconf 89' lang='lat' dir='ltr'>quidem</span> <span class='ocrx_word' id='word_1_65' title='bbox 2144 1125 2352 1188; x_wconf 88' lang='lat' dir='ltr'>Deum</span> <span class='ocrx_word' id='word_1_66' title='bbox 2392 1121 2647 1200; x_wconf 90' lang='lat' dir='ltr'>colere,</span> <span class='ocrx_word' id='word_1_67' title='bbox 2685 1119 3009 1185; x_wconf 88' lang='lat' dir='ltr'>intrinse-</span> 
     </span>
     <span class='ocr_line' id='line_1_8' title="bbox 364 1226 3012 1315; baseline -0.002 -21"><span class='ocrx_word' id='word_1_68' title='bbox 364 1252 478 1294; x_wconf 92' lang='lat' dir='ltr'>cus</span> <span class='ocrx_word' id='word_1_69' title='bbox 513 1230 586 1294; x_wconf 88' lang='lat' dir='ltr'>in</span> <span class='ocrx_word' id='word_1_70' title='bbox 628 1229 891 1296; x_wconf 85' lang='lat' dir='ltr'>occulto</span> <span class='ocrx_word' id='word_1_71' title='bbox 933 1228 1149 1306; x_wconf 83' lang='lat' dir='ltr'>idola;</span> <span class='ocrx_word' id='word_1_72' title='bbox 1182 1229 1689 1294; x_wconf 88' lang='lat' dir='ltr'>demonstratur</span> <span class='ocrx_word' id='word_1_73' title='bbox 1721 1234 1951 1295; x_wconf 90' lang='lat' dir='ltr'>autem</span> <span class='ocrx_word' id='word_1_74' title='bbox 1980 1229 2044 1294; x_wconf 91' lang='lat' dir='ltr'>ei</span> <span class='ocrx_word' id='word_1_75' title='bbox 2087 1227 2473 1294; x_wconf 85' lang='lat' dir='ltr'>idololatria</span> <span class='ocrx_word' id='word_1_76' title='bbox 2500 1228 2571 1292; x_wconf 91' lang='lat' dir='ltr'>in</span> <span class='ocrx_word' id='word_1_77' title='bbox 2611 1226 2887 1315; x_wconf 88' lang='lat' dir='ltr'>temp10‚</span> <span class='ocrx_word' id='word_1_78' title='bbox 2933 1231 3012 1291; x_wconf 90' lang='lat' dir='ltr'>ut</span> 
     </span>
     <span class='ocr_line' id='line_1_9' title="bbox 362 1331 3009 1421; baseline -0.002 -20"><span class='ocrx_word' id='word_1_79' title='bbox 362 1336 787 1421; x_wconf 78' lang='lat' dir='ltr'>significetur</span> <span class='ocrx_word' id='word_1_80' title='bbox 816 1357 972 1401; x_wconf 90' lang='lat' dir='ltr'>cum</span> <span class='ocrx_word' id='word_1_81' title='bbox 1023 1334 1208 1400; x_wconf 88' lang='lat' dir='ltr'>cultu</span> <span class='ocrx_word' id='word_1_82' title='bbox 1256 1337 1370 1400; x_wconf 90' lang='lat' dir='ltr'>Dei</span> <span class='ocrx_word' id='word_1_83' title='bbox 1415 1358 1527 1401; x_wconf 89' lang='lat' dir='ltr'>eos</span> <span class='ocrx_word' id='word_1_84' title='bbox 1564 1334 1753 1401; x_wconf 88' lang='lat' dir='ltr'>idola</span> <span class='ocrx_word' id='word_1_85' title='bbox 1798 1336 2143 1402; x_wconf 85' lang='lat' dir='ltr'>miscuisse</span> <span class='ocrx_word' id='word_1_86' title='bbox 2189 1363 2249 1400; x_wconf 87' lang='lat'>».</span> <span class='ocrx_word' id='word_1_87' title='bbox 2298 1335 2556 1400; x_wconf 85' lang='lat' dir='ltr'>Ostium</span> <span class='ocrx_word' id='word_1_88' title='bbox 2597 1332 2780 1400; x_wconf 88' lang='lat' dir='ltr'>enim</span> <span class='ocrx_word' id='word_1_89' title='bbox 2819 1331 3009 1421; x_wconf 91' lang='lat' dir='ltr'>quod</span> 
     </span>
     <span class='ocr_line' id='line_1_10' title="bbox 362 1435 3011 1531; baseline -0.001 -25"><span class='ocrx_word' id='word_1_90' title='bbox 362 1440 643 1507; x_wconf 90' lang='lat' dir='ltr'>demum</span> <span class='ocrx_word' id='word_1_91' title='bbox 679 1447 964 1531; x_wconf 87' lang='lat' dir='ltr'>apparet</span> <span class='ocrx_word' id='word_1_92' title='bbox 1000 1443 1262 1530; x_wconf 88' lang='lat' dir='ltr'>pariete</span> <span class='ocrx_word' id='word_1_93' title='bbox 1299 1442 1600 1530; x_wconf 86' lang='lat' dir='ltr'>perfosso</span> <span class='ocrx_word' id='word_1_94' title='bbox 1633 1441 1958 1524; x_wconf 83' lang='lat' dir='ltr'>ostendit,</span> <span class='ocrx_word' id='word_1_95' title='bbox 1982 1435 2199 1530; x_wconf 52' lang='lat' dir='ltr'>&#39;quam</span> <span class='ocrx_word' id='word_1_96' title='bbox 2234 1440 2466 1507; x_wconf 88' lang='lat' dir='ltr'>sedulo</span> <span class='ocrx_word' id='word_1_97' title='bbox 2504 1441 2576 1506; x_wconf 89' lang='lat' dir='ltr'>in</span> <span class='ocrx_word' id='word_1_98' title='bbox 2612 1438 2871 1506; x_wconf 81' lang='lat' dir='ltr'>occulto</span> <span class='ocrx_word' id='word_1_99' title='bbox 2901 1460 3011 1504; x_wconf 91' lang='lat' dir='ltr'>co-</span> 
     </span>
     <span class='ocr_line' id='line_1_11' title="bbox 363 1546 3006 1637; baseline -0.001 -24"><span class='ocrx_word' id='word_1_100' title='bbox 363 1548 617 1614; x_wconf 83' lang='lat' dir='ltr'>luerint</span> <span class='ocrx_word' id='word_1_101' title='bbox 640 1547 823 1614; x_wconf 88' lang='lat' dir='ltr'>idola</span> <span class='ocrx_word' id='word_1_102' title='bbox 851 1554 997 1613; x_wconf 87' lang='lat' dir='ltr'>tum</span> <span class='ocrx_word' id='word_1_103' title='bbox 1038 1548 1316 1636; x_wconf 89' lang='lat' dir='ltr'>quando</span> <span class='ocrx_word' id='word_1_104' title='bbox 1364 1571 1501 1614; x_wconf 89' lang='lat' dir='ltr'>non</span> <span class='ocrx_word' id='word_1_105' title='bbox 1550 1548 1743 1614; x_wconf 88' lang='lat' dir='ltr'>licuit</span> <span class='ocrx_word' id='word_1_106' title='bbox 1781 1548 2056 1637; x_wconf 83' lang='lat' dir='ltr'>publice</span> <span class='ocrx_word' id='word_1_107' title='bbox 2099 1571 2163 1614; x_wconf 88' lang='lat' dir='ltr'>v.</span> <span class='ocrx_word' id='word_1_108' title='bbox 2213 1570 2284 1633; x_wconf 85' lang='lat' dir='ltr'>g.</span> <span class='ocrx_word' id='word_1_109' title='bbox 2328 1546 2453 1613; x_wconf 90' lang='lat' dir='ltr'>sub</span> <span class='ocrx_word' id='word_1_110' title='bbox 2492 1546 2661 1612; x_wconf 89' lang='lat' dir='ltr'>losia</span> <span class='ocrx_word' id='word_1_111' title='bbox 2703 1549 3006 1631; x_wconf 63' lang='lat' dir='ltr'>rege-Et</span> 
     </span>
     <span class='ocr_line' id='line_1_12' title="bbox 369 1653 3014 1744; baseline -0.001 -25"><span class='ocrx_word' id='word_1_112' title='bbox 369 1675 576 1742; x_wconf 87' lang='lat' dir='ltr'>quam</span> <span class='ocrx_word' id='word_1_113' title='bbox 623 1653 856 1719; x_wconf 87' lang='lat' dir='ltr'>foedae</span> <span class='ocrx_word' id='word_1_114' title='bbox 899 1653 1328 1720; x_wconf 85' lang='lat' dir='ltr'>idololatriae</span> <span class='ocrx_word' id='word_1_115' title='bbox 1371 1676 1540 1740; x_wconf 88' lang='lat' dir='ltr'>gens</span> <span class='ocrx_word' id='word_1_116' title='bbox 1582 1660 1816 1721; x_wconf 89' lang='lat' dir='ltr'>sancta</span> <span class='ocrx_word' id='word_1_117' title='bbox 1855 1676 2135 1744; x_wconf 83' lang='lat' dir='ltr'>operam</span> <span class='ocrx_word' id='word_1_118' title='bbox 2177 1654 2323 1737; x_wconf 88' lang='lat' dir='ltr'>det,</span> <span class='ocrx_word' id='word_1_119' title='bbox 2355 1658 2676 1719; x_wconf 86' lang='lat' dir='ltr'>narratur</span> <span class='ocrx_word' id='word_1_120' title='bbox 2700 1675 2762 1717; x_wconf 80' lang='lat' dir='ltr'>v,</span> <span class='ocrx_word' id='word_1_121' title='bbox 2808 1660 2909 1718; x_wconf 84' lang='lat'>9«</span> <span class='ocrx_word' id='word_1_122' title='bbox 2942 1663 3014 1717; x_wconf 81' lang='lat' dir='ltr'>et</span> 
     </span>
     <span class='ocr_line' id='line_1_13' title="bbox 365 1752 3008 1851; baseline -0.002 -25"><span class='ocrx_word' id='word_1_123' title='bbox 365 1760 546 1826; x_wconf 74' lang='lat' dir='ltr'>dixit</span> <span class='ocrx_word' id='word_1_124' title='bbox 567 1759 664 1826; x_wconf 75' lang='grc' dir='ltr'>(ια’</span> <span class='ocrx_word' id='word_1_125' title='bbox 686 1783 792 1827; x_wconf 83' lang='lat' dir='ltr'>me</span> <span class='ocrx_word' id='word_1_126' title='bbox 821 1783 843 1825; x_wconf 94' lang='grc'>.·</span> <span class='ocrx_word' id='word_1_127' title='bbox 867 1760 1213 1849; x_wconf 76' lang='lat' dir='ltr'>inqrederc</span> <span class='ocrx_word' id='word_1_128' title='bbox 1241 1774 1306 1826; x_wconf 78' lang='lat' dir='ltr'>et</span> <span class='ocrx_word' id='word_1_129' title='bbox 1333 1761 1481 1827; x_wconf 80' lang='lat' dir='ltr'>vide</span> <span class='ocrx_word' id='word_1_130' title='bbox 1511 1760 2048 1827; x_wconf 67' lang='lat' dir='ltr'>abominationes</span> <span class='ocrx_word' id='word_1_131' title='bbox 2063 1762 2398 1851; x_wconf 80' lang='lat' dir='ltr'>pessimas</span> <span class='ocrx_word' id='word_1_132' title='bbox 2422 1752 2591 1849; x_wconf 81' lang='lat' dir='ltr'>q&#39;uas</span> <span class='ocrx_word' id='word_1_133' title='bbox 2611 1758 2728 1825; x_wconf 83' lang='lat' dir='ltr'>isti</span> <span class='ocrx_word' id='word_1_134' title='bbox 2736 1756 3008 1846; x_wconf 78' lang='lat' dir='ltr'>faciunt</span> 
     </span>
     <span class='ocr_line' id='line_1_14' title="bbox 361 1865 3009 1957; baseline -0 -26"><span class='ocrx_word' id='word_1_135' title='bbox 361 1866 515 1957; x_wconf 59' lang='lat' dir='ltr'>liic!</span> <span class='ocrx_word' id='word_1_136' title='bbox 545 1889 607 1932; x_wconf 91' lang='lat' dir='ltr'>v.</span> <span class='ocrx_word' id='word_1_137' title='bbox 658 1874 737 1933; x_wconf 90' lang='lat'>10</span> <span class='ocrx_word' id='word_1_138' title='bbox 777 1880 842 1932; x_wconf 86' lang='lat' dir='ltr'>et</span> <span class='ocrx_word' id='word_1_139' title='bbox 878 1867 1210 1955; x_wconf 74' lang='lat' dir='ltr'>inqressus</span> <span class='ocrx_word' id='word_1_140' title='bbox 1245 1867 1391 1933; x_wconf 82' lang='lat' dir='ltr'>vidi</span> <span class='ocrx_word' id='word_1_141' title='bbox 1420 1880 1484 1933; x_wconf 89' lang='lat' dir='ltr'>et</span> <span class='ocrx_word' id='word_1_142' title='bbox 1526 1890 1674 1934; x_wconf 84' lang='lat' dir='ltr'>ecce</span> <span class='ocrx_word' id='word_1_143' title='bbox 1717 1869 1934 1934; x_wconf 83' lang='lat' dir='ltr'>omnis</span> <span class='ocrx_word' id='word_1_144' title='bbox 1975 1867 2346 1934; x_wconf 81' lang='lat' dir='ltr'>sz&#39;nu&#39;litudo</span> <span class='ocrx_word' id='word_1_145' title='bbox 2376 1866 2723 1956; x_wconf 80' lang='lat' dir='ltr'>reptilium</span> <span class='ocrx_word' id='word_1_146' title='bbox 2761 1877 2827 1930; x_wconf 84' lang='lat' dir='ltr'>et</span> <span class='ocrx_word' id='word_1_147' title='bbox 2852 1865 3009 1930; x_wconf 84' lang='lat' dir='ltr'>ani-</span> 
     </span>
     <span class='ocr_line' id='line_1_15' title="bbox 365 1972 3006 2061; baseline -0.002 -21"><span class='ocrx_word' id='word_1_148' title='bbox 365 1974 684 2053; x_wconf 86' lang='lat' dir='ltr'>malium,</span> <span class='ocrx_word' id='word_1_149' title='bbox 720 1973 1172 2055; x_wconf 79' lang='lat' dir='ltr'>abominatiO,</span> <span class='ocrx_word' id='word_1_150' title='bbox 1203 1987 1270 2040; x_wconf 84' lang='lat' dir='ltr'>et</span> <span class='ocrx_word' id='word_1_151' title='bbox 1306 1975 1619 2040; x_wconf 69' lang='lat' dir='ltr'>unz&#39;cersa</span> <span class='ocrx_word' id='word_1_152' title='bbox 1650 1975 1834 2040; x_wconf 86' lang='lat' dir='ltr'>ia&#39;ola</span> <span class='ocrx_word' id='word_1_153' title='bbox 1874 1975 2112 2041; x_wconf 86' lang='lat' dir='ltr'>domus</span> <span class='ocrx_word' id='word_1_154' title='bbox 2150 1974 2365 2040; x_wconf 79' lang='lat' dir='ltr'>Israel</span> <span class='ocrx_word' id='word_1_155' title='bbox 2399 1972 2669 2061; x_wconf 79' lang='lat' dir='ltr'>depicta</span> <span class='ocrx_word' id='word_1_156' title='bbox 2704 1982 2899 2038; x_wconf 81' lang='lat' dir='ltr'>erant</span> <span class='ocrx_word' id='word_1_157' title='bbox 2934 1973 3006 2036; x_wconf 83' lang='lat' dir='ltr'>in</span> 
     </span>
     <span class='ocr_line' id='line_1_16' title="bbox 359 2076 3009 2170; baseline -0.001 -25"><span class='ocrx_word' id='word_1_158' title='bbox 359 2079 624 2169; x_wconf 78' lang='lat' dir='ltr'>pariete</span> <span class='ocrx_word' id='word_1_159' title='bbox 659 2081 730 2146; x_wconf 87' lang='lat' dir='ltr'>in</span> <span class='ocrx_word' id='word_1_160' title='bbox 769 2080 1055 2146; x_wconf 76' lang='lat' dir='ltr'>circuitu</span> <span class='ocrx_word' id='word_1_161' title='bbox 1082 2102 1215 2170; x_wconf 81' lang='lat' dir='ltr'>per</span> <span class='ocrx_word' id='word_1_162' title='bbox 1254 2092 1502 2161; x_wconf 77' lang='lat' dir='ltr'>totum,</span> <span class='ocrx_word' id='word_1_163' title='bbox 1544 2104 1609 2147; x_wconf 81' lang='grc' dir='ltr'>ν.</span> <span class='ocrx_word' id='word_1_164' title='bbox 1655 2087 1730 2146; x_wconf 92' lang='grc'>11</span> <span class='ocrx_word' id='word_1_165' title='bbox 1775 2095 1841 2147; x_wconf 88' lang='lat' dir='ltr'>et</span> <span class='ocrx_word' id='word_1_166' title='bbox 1883 2081 2312 2169; x_wconf 76' lang='lat' dir='ltr'>septuaqinta</span> <span class='ocrx_word' id='word_1_167' title='bbox 2350 2080 2484 2145; x_wconf 86' lang='lat' dir='ltr'>viri</span> <span class='ocrx_word' id='word_1_168' title='bbox 2519 2079 2599 2144; x_wconf 88' lang='lat' dir='ltr'>de</span> <span class='ocrx_word' id='word_1_169' title='bbox 2641 2076 3009 2146; x_wconf 80' lang='lat' dir='ltr'>senioribus</span> 
     </span>
     <span class='ocr_line' id='line_1_17' title="bbox 365 2186 3005 2276; baseline -0.001 -25"><span class='ocrx_word' id='word_1_170' title='bbox 365 2186 607 2252; x_wconf 82' lang='lat' dir='ltr'>domus</span> <span class='ocrx_word' id='word_1_171' title='bbox 632 2188 846 2254; x_wconf 81' lang='lat' dir='ltr'>Israel</span> <span class='ocrx_word' id='word_1_172' title='bbox 872 2198 936 2253; x_wconf 87' lang='lat' dir='ltr'>et</span> <span class='ocrx_word' id='word_1_173' title='bbox 964 2187 1270 2253; x_wconf 79' lang='lat' dir='ltr'>Iezonias</span> <span class='ocrx_word' id='word_1_174' title='bbox 1289 2187 1475 2274; x_wconf 78' lang='lat' dir='ltr'>filius</span> <span class='ocrx_word' id='word_1_175' title='bbox 1503 2187 1792 2276; x_wconf 79' lang='lat' dir='ltr'>Saplzan</span> <span class='ocrx_word' id='word_1_176' title='bbox 1814 2186 2037 2254; x_wconf 84' lang='lat' dir='ltr'>stabat</span> <span class='ocrx_word' id='word_1_177' title='bbox 2072 2188 2142 2253; x_wconf 77' lang='lat' dir='ltr'>in</span> <span class='ocrx_word' id='word_1_178' title='bbox 2172 2186 2390 2252; x_wconf 87' lang='lat' dir='ltr'>medio</span> <span class='ocrx_word' id='word_1_179' title='bbox 2420 2209 2651 2253; x_wconf 81' lang='lat' dir='ltr'>eorum</span> <span class='ocrx_word' id='word_1_180' title='bbox 2680 2186 3005 2252; x_wconf 82' lang='lat' dir='ltr'>stantium</span> 
     </span>
     <span class='ocr_line' id='line_1_18' title="bbox 365 2293 3007 2383; baseline 0 -25"><span class='ocrx_word' id='word_1_181' title='bbox 365 2306 523 2358; x_wconf 83' lang='lat' dir='ltr'>ante</span> <span class='ocrx_word' id='word_1_182' title='bbox 552 2293 867 2382; x_wconf 73' lang='lat' dir='ltr'>picturas</span> <span class='ocrx_word' id='word_1_183' title='bbox 908 2307 974 2359; x_wconf 89' lang='lat' dir='ltr'>et</span> <span class='ocrx_word' id='word_1_184' title='bbox 1011 2295 1462 2383; x_wconf 67' lang='lat' dir='ltr'>unusquisque</span> <span class='ocrx_word' id='word_1_185' title='bbox 1500 2293 1792 2361; x_wconf 71' lang='lat' dir='ltr'>habebat</span> <span class='ocrx_word' id='word_1_186' title='bbox 1826 2294 2245 2361; x_wconf 76' lang='lat' dir='ltr'>thuribulum</span> <span class='ocrx_word' id='word_1_187' title='bbox 2276 2294 2349 2359; x_wconf 92' lang='lat' dir='ltr'>in</span> <span class='ocrx_word' id='word_1_188' title='bbox 2386 2316 2598 2359; x_wconf 85' lang='lat' dir='ltr'>manu</span> <span class='ocrx_word' id='word_1_189' title='bbox 2634 2315 2757 2358; x_wconf 86' lang='lat' dir='ltr'>sua</span> <span class='ocrx_word' id='word_1_190' title='bbox 2796 2305 2863 2357; x_wconf 85' lang='lat' dir='ltr'>et</span> <span class='ocrx_word' id='word_1_191' title='bbox 2894 2315 3007 2358; x_wconf 78' lang='lat' dir='ltr'>va-</span> 
     </span>
     <span class='ocr_line' id='line_1_19' title="bbox 359 2399 3000 2489; baseline 0 -25"><span class='ocrx_word' id='word_1_192' title='bbox 359 2421 489 2489; x_wconf 74' lang='lat' dir='ltr'>por</span> <span class='ocrx_word' id='word_1_193' title='bbox 532 2399 817 2467; x_wconf 78' lang='lat' dir='ltr'>nebulae</span> <span class='ocrx_word' id='word_1_194' title='bbox 864 2400 947 2466; x_wconf 84' lang='lat' dir='ltr'>de</span> <span class='ocrx_word' id='word_1_195' title='bbox 993 2402 1188 2467; x_wconf 72' lang='lat' dir='ltr'>thure</span> <span class='ocrx_word' id='word_1_196' title='bbox 1240 2399 1686 2489; x_wconf 75' lang='lat' dir='ltr'>consurqebat</span> <span class='ocrx_word' id='word_1_197' title='bbox 1723 2424 1793 2481; x_wconf 79' lang='lat'>&gt;›;</span> <span class='ocrx_word' id='word_1_198' title='bbox 1827 2441 1918 2449; x_wconf 93' lang='lat'>—</span> <span class='ocrx_word' id='word_1_199' title='bbox 1958 2399 2346 2466; x_wconf 82' lang='lat' dir='ltr'>idololat-ria</span> <span class='ocrx_word' id='word_1_200' title='bbox 2393 2400 2796 2489; x_wconf 81' lang='lat' dir='ltr'>aegyptiaca</span> <span class='ocrx_word' id='word_1_201' title='bbox 2832 2399 2906 2465; x_wconf 91' lang='lat' dir='ltr'>h.</span> <span class='ocrx_word' id='word_1_202' title='bbox 2954 2399 3000 2464; x_wconf 92' lang='lat' dir='ltr'>l.</span> 
     </span>
     <span class='ocr_line' id='line_1_20' title="bbox 363 2506 3008 2596; baseline -0 -25"><span class='ocrx_word' id='word_1_203' title='bbox 363 2508 765 2596; x_wconf 87' lang='lat' dir='ltr'>praeprimis</span> <span class='ocrx_word' id='word_1_204' title='bbox 804 2508 1132 2594; x_wconf 80' lang='lat' dir='ltr'>tangitur,</span> <span class='ocrx_word' id='word_1_205' title='bbox 1164 2508 1357 2573; x_wconf 90' lang='lat' dir='ltr'>cuius</span> <span class='ocrx_word' id='word_1_206' title='bbox 1395 2507 1441 2572; x_wconf 90' lang='lat' dir='ltr'>ii</span> <span class='ocrx_word' id='word_1_207' title='bbox 1484 2512 1658 2573; x_wconf 89' lang='lat' dir='ltr'>certe</span> <span class='ocrx_word' id='word_1_208' title='bbox 1693 2529 1764 2573; x_wconf 89' lang='lat' dir='ltr'>se</span> <span class='ocrx_word' id='word_1_209' title='bbox 1802 2508 2168 2596; x_wconf 84' lang='lat' dir='ltr'>participes</span> <span class='ocrx_word' id='word_1_210' title='bbox 2203 2506 2579 2573; x_wconf 87' lang='lat' dir='ltr'>reddebant</span> <span class='ocrx_word' id='word_1_211' title='bbox 2613 2507 2731 2594; x_wconf 89' lang='lat' dir='ltr'>qui</span> <span class='ocrx_word' id='word_1_212' title='bbox 2776 2528 2817 2571; x_wconf 87' lang='lat' dir='ltr'>a</span> <span class='ocrx_word' id='word_1_213' title='bbox 2843 2526 3008 2595; x_wconf 88' lang='lat' dir='ltr'>par-</span> 
     </span>
     <span class='ocr_line' id='line_1_21' title="bbox 365 2612 3008 2704; baseline -0.001 -25"><span class='ocrx_word' id='word_1_214' title='bbox 365 2613 545 2679; x_wconf 88' lang='lat' dir='ltr'>tibus</span> <span class='ocrx_word' id='word_1_215' title='bbox 573 2615 1062 2704; x_wconf 73' lang='lat' dir='ltr'>Aegyptiorum</span> <span class='ocrx_word' id='word_1_216' title='bbox 1099 2618 1348 2680; x_wconf 85' lang='lat' dir='ltr'>stantes</span> <span class='ocrx_word' id='word_1_217' title='bbox 1376 2636 1574 2703; x_wconf 90' lang='lat' dir='ltr'>opem</span> <span class='ocrx_word' id='word_1_218' title='bbox 1604 2615 2098 2702; x_wconf 77' lang='lat' dir='ltr'>Aegyptiorum</span> <span class='ocrx_word' id='word_1_219' title='bbox 2133 2613 2570 2703; x_wconf 88' lang='lat' dir='ltr'>expetebant;</span> <span class='ocrx_word' id='word_1_220' title='bbox 2606 2618 2844 2678; x_wconf 88' lang='lat' dir='ltr'>contra</span> <span class='ocrx_word' id='word_1_221' title='bbox 2880 2612 3008 2678; x_wconf 88' lang='lat' dir='ltr'>hos</span> 
     </span>
     <span class='ocr_line' id='line_1_22' title="bbox 366 2718 3007 2810; baseline 0 -25"><span class='ocrx_word' id='word_1_222' title='bbox 366 2722 632 2808; x_wconf 85' lang='lat' dir='ltr'>saepius</span> <span class='ocrx_word' id='word_1_223' title='bbox 671 2723 816 2807; x_wconf 84' lang='lat' dir='ltr'>agit</span> <span class='ocrx_word' id='word_1_224' title='bbox 855 2721 1203 2803; x_wconf 88' lang='lat' dir='ltr'>Ieremias;</span> <span class='ocrx_word' id='word_1_225' title='bbox 1240 2721 1396 2786; x_wconf 86' lang='lat' dir='ltr'>vide</span> <span class='ocrx_word' id='word_1_226' title='bbox 1437 2721 1524 2787; x_wconf 89' lang='lat' dir='ltr'>ad</span> <span class='ocrx_word' id='word_1_227' title='bbox 1563 2725 1686 2788; x_wconf 88' lang='lat' dir='ltr'>Ier.</span> <span class='ocrx_word' id='word_1_228' title='bbox 1723 2728 1907 2799; x_wconf 80' lang='lat'><strong>2‚18.</strong></span> <span class='ocrx_word' id='word_1_229' title='bbox 1952 2727 2059 2788; x_wconf 84' lang='lat'>36.</span> <span class='ocrx_word' id='word_1_230' title='bbox 2097 2729 2214 2799; x_wconf 83' lang='lat'>37;</span> <span class='ocrx_word' id='word_1_231' title='bbox 2252 2728 2409 2801; x_wconf 78' lang='lat' dir='ltr'>37,ss</span> <span class='ocrx_word' id='word_1_232' title='bbox 2447 2743 2587 2810; x_wconf 89' lang='lat' dir='ltr'>seq.</span> <span class='ocrx_word' id='word_1_233' title='bbox 2624 2718 3007 2807; x_wconf 81' lang='lat' dir='ltr'>Symbolice</span> 
     </span>
     <span class='ocr_line' id='line_1_23' title="bbox 368 2827 3008 2917; baseline 0 -26"><span class='ocrx_word' id='word_1_234' title='bbox 368 2847 514 2892; x_wconf 87' lang='lat' dir='ltr'>rem</span> <span class='ocrx_word' id='word_1_235' title='bbox 552 2828 890 2906; x_wconf 87' lang='lat' dir='ltr'>exhiberi,</span> <span class='ocrx_word' id='word_1_236' title='bbox 930 2828 1136 2894; x_wconf 89' lang='lat' dir='ltr'>etiam</span> <span class='ocrx_word' id='word_1_237' title='bbox 1178 2850 1256 2893; x_wconf 93' lang='lat' dir='ltr'>eo</span> <span class='ocrx_word' id='word_1_238' title='bbox 1298 2833 1484 2916; x_wconf 87' lang='lat' dir='ltr'>patet</span> <span class='ocrx_word' id='word_1_239' title='bbox 1531 2829 1695 2917; x_wconf 88' lang='lat' dir='ltr'>quia</span> <span class='ocrx_word' id='word_1_240' title='bbox 1730 2827 1820 2894; x_wconf 88' lang='lat' dir='ltr'>ad</span> <span class='ocrx_word' id='word_1_241' title='bbox 1856 2832 2086 2917; x_wconf 89' lang='lat' dir='ltr'>portas</span> <span class='ocrx_word' id='word_1_242' title='bbox 2122 2827 2364 2917; x_wconf 90' lang='lat' dir='ltr'>templi</span> <span class='ocrx_word' id='word_1_243' title='bbox 2406 2833 2585 2893; x_wconf 86' lang='lat' dir='ltr'>certe</span> <span class='ocrx_word' id='word_1_244' title='bbox 2616 2848 2753 2892; x_wconf 90' lang='lat' dir='ltr'>non</span> <span class='ocrx_word' id='word_1_245' title='bbox 2792 2847 3008 2915; x_wconf 89' lang='lat' dir='ltr'>appo-</span> 
     </span>
     <span class='ocr_line' id='line_1_24' title="bbox 368 2932 3003 3024; baseline 0 -25"><span class='ocrx_word' id='word_1_246' title='bbox 368 2935 569 3000; x_wconf 88' lang='lat' dir='ltr'>situm</span> <span class='ocrx_word' id='word_1_247' title='bbox 609 2941 753 3001; x_wconf 90' lang='lat' dir='ltr'>erat</span> <span class='ocrx_word' id='word_1_248' title='bbox 783 2935 1206 3014; x_wconf 87' lang='lat' dir='ltr'>cubiculum,</span> <span class='ocrx_word' id='word_1_249' title='bbox 1242 2935 1436 3000; x_wconf 90' lang='lat' dir='ltr'>cuius</span> <span class='ocrx_word' id='word_1_250' title='bbox 1471 2936 1716 3000; x_wconf 87' lang='lat' dir='ltr'>ostium</span> <span class='ocrx_word' id='word_1_251' title='bbox 1745 2956 1882 3001; x_wconf 88' lang='lat' dir='ltr'>non</span> <span class='ocrx_word' id='word_1_252' title='bbox 1916 2934 2195 3024; x_wconf 86' lang='lat' dir='ltr'>patebat</span> <span class='ocrx_word' id='word_1_253' title='bbox 2226 2933 2353 3000; x_wconf 91' lang='lat' dir='ltr'>nisi</span> <span class='ocrx_word' id='word_1_254' title='bbox 2388 2934 2644 3022; x_wconf 88' lang='lat' dir='ltr'>pariete</span> <span class='ocrx_word' id='word_1_255' title='bbox 2681 2932 3003 3021; x_wconf 85' lang='lat' dir='ltr'>perfoss0.</span> 
     </span>
     <span class='ocr_line' id='line_1_25' title="bbox 368 3039 3007 3130; baseline -0.001 -24"><span class='ocrx_word' id='word_1_256' title='bbox 368 3045 658 3107; x_wconf 89' lang='lat' dir='ltr'>Numero</span> <span class='ocrx_word' id='word_1_257' title='bbox 703 3039 819 3107; x_wconf 90' lang='lat' dir='ltr'>illo</span> <span class='ocrx_word' id='word_1_258' title='bbox 867 3041 949 3106; x_wconf 91' lang='lat' dir='ltr'>de</span> <span class='ocrx_word' id='word_1_259' title='bbox 997 3042 1374 3107; x_wconf 89' lang='lat' dir='ltr'>senioribus</span> <span class='ocrx_word' id='word_1_260' title='bbox 1421 3048 1486 3106; x_wconf 86' lang='lat' dir='ltr'>et</span> <span class='ocrx_word' id='word_1_261' title='bbox 1532 3043 1679 3130; x_wconf 85' lang='lat' dir='ltr'>ipsa</span> <span class='ocrx_word' id='word_1_262' title='bbox 1729 3042 2071 3107; x_wconf 85' lang='lat' dir='ltr'>seniorum</span> <span class='ocrx_word' id='word_1_263' title='bbox 2122 3040 2453 3126; x_wconf 79' lang='lat' dir='ltr'>dignitate</span> <span class='ocrx_word' id='word_1_264' title='bbox 2502 3045 2568 3106; x_wconf 88' lang='lat' dir='ltr'>et</span> <span class='ocrx_word' id='word_1_265' title='bbox 2613 3040 3007 3105; x_wconf 86' lang='lat' dir='ltr'>auctoritate</span> 
     </span>
     <span class='ocr_line' id='line_1_26' title="bbox 368 3145 3000 3236; baseline -0.001 -24"><span class='ocrx_word' id='word_1_266' title='bbox 368 3146 843 3227; x_wconf 89' lang='lat' dir='ltr'>adumbratur,</span> <span class='ocrx_word' id='word_1_267' title='bbox 882 3147 954 3213; x_wconf 89' lang='lat' dir='ltr'>in</span> <span class='ocrx_word' id='word_1_268' title='bbox 993 3154 1324 3236; x_wconf 88' lang='lat' dir='ltr'>quantum</span> <span class='ocrx_word' id='word_1_269' title='bbox 1367 3146 1549 3236; x_wconf 90' lang='lat' dir='ltr'>apud</span> <span class='ocrx_word' id='word_1_270' title='bbox 1591 3147 1855 3213; x_wconf 89' lang='lat' dir='ltr'>nobiles</span> <span class='ocrx_word' id='word_1_271' title='bbox 1894 3153 1960 3213; x_wconf 90' lang='lat' dir='ltr'>et</span> <span class='ocrx_word' id='word_1_272' title='bbox 1998 3146 2207 3213; x_wconf 89' lang='lat' dir='ltr'>duces</span> <span class='ocrx_word' id='word_1_273' title='bbox 2249 3147 2577 3234; x_wconf 88' lang='lat' dir='ltr'>iniquitas</span> <span class='ocrx_word' id='word_1_274' title='bbox 2614 3145 3000 3213; x_wconf 88' lang='lat' dir='ltr'>invaluerit.</span> 
     </span>
     <span class='ocr_line' id='line_1_27' title="bbox 371 3254 3006 3340; baseline -0.001 -21"><span class='ocrx_word' id='word_1_275' title='bbox 371 3254 816 3340; x_wconf 82' lang='lat' dir='ltr'>Septuaginta</span> <span class='ocrx_word' id='word_1_276' title='bbox 847 3254 1144 3320; x_wconf 91' lang='lat' dir='ltr'>seniores</span> <span class='ocrx_word' id='word_1_277' title='bbox 1166 3276 1247 3318; x_wconf 85' lang='lat' dir='ltr'>ex</span> <span class='ocrx_word' id='word_1_278' title='bbox 1276 3258 1391 3319; x_wconf 80' lang='lat' dir='ltr'>Ex,</span> <span class='ocrx_word' id='word_1_279' title='bbox 1434 3259 1591 3335; x_wconf 43' lang='lat'>2251</span> <span class='ocrx_word' id='word_1_280' title='bbox 1627 3257 1690 3317; x_wconf 88' lang='lat' dir='ltr'>et</span> <span class='ocrx_word' id='word_1_281' title='bbox 1732 3257 1930 3319; x_wconf 91' lang='lat' dir='ltr'>Num.</span> <span class='ocrx_word' id='word_1_282' title='bbox 1978 3259 2204 3336; x_wconf 84' lang='lat'>11,16.</span> <span class='ocrx_word' id='word_1_283' title='bbox 2241 3259 2324 3334; x_wconf 63' lang='grc'>24</span> <span class='ocrx_word' id='word_1_284' title='bbox 2358 3259 2483 3319; x_wconf 90' lang='lat' dir='ltr'>etc.</span> <span class='ocrx_word' id='word_1_285' title='bbox 2528 3258 2744 3318; x_wconf 88' lang='lat' dir='ltr'>totum</span> <span class='ocrx_word' id='word_1_286' title='bbox 2781 3273 3006 3340; x_wconf 89' lang='lat' dir='ltr'>popu-</span> 
     </span>
     <span class='ocr_line' id='line_1_28' title="bbox 367 3357 3008 3448; baseline 0.001 -26"><span class='ocrx_word' id='word_1_287' title='bbox 367 3357 510 3426; x_wconf 90' lang='lat' dir='ltr'>lum</span> <span class='ocrx_word' id='word_1_288' title='bbox 556 3365 1064 3447; x_wconf 85' lang='lat' dir='ltr'>repraesentant</span> <span class='ocrx_word' id='word_1_289' title='bbox 1111 3366 1176 3425; x_wconf 86' lang='lat' dir='ltr'>et</span> <span class='ocrx_word' id='word_1_290' title='bbox 1219 3359 1348 3425; x_wconf 88' lang='lat' dir='ltr'>hac</span> <span class='ocrx_word' id='word_1_291' title='bbox 1391 3381 1663 3447; x_wconf 91' lang='lat' dir='ltr'>quoquc</span> <span class='ocrx_word' id='word_1_292' title='bbox 1713 3360 1974 3426; x_wconf 87' lang='lat' dir='ltr'>ratione</span> <span class='ocrx_word' id='word_1_293' title='bbox 2030 3360 2261 3445; x_wconf 82' lang='lat' dir='ltr'>imago</span> <span class='ocrx_word' id='word_1_294' title='bbox 2315 3360 2691 3448; x_wconf 87' lang='lat' dir='ltr'>prophetae</span> <span class='ocrx_word' id='word_1_295' title='bbox 2743 3364 3008 3425; x_wconf 87' lang='lat' dir='ltr'>ostensa</span> 
     </span>
     <span class='ocr_line' id='line_1_29' title="bbox 370 3465 3006 3555; baseline 0.002 -27"><span class='ocrx_word' id='word_1_296' title='bbox 370 3465 510 3529; x_wconf 83' lang='lat' dir='ltr'>vim</span> <span class='ocrx_word' id='word_1_297' title='bbox 555 3465 919 3530; x_wconf 82' lang='lat' dir='ltr'>maximam</span> <span class='ocrx_word' id='word_1_298' title='bbox 967 3466 1192 3531; x_wconf 88' lang='lat' dir='ltr'>habet.</span> <span class='ocrx_word' id='word_1_299' title='bbox 1229 3466 1442 3531; x_wconf 86' lang='lat' dir='ltr'>Etiam</span> <span class='ocrx_word' id='word_1_300' title='bbox 1496 3465 1677 3554; x_wconf 92' lang='lat' dir='ltr'>quod</span> <span class='ocrx_word' id='word_1_301' title='bbox 1725 3468 1945 3532; x_wconf 89' lang='lat' dir='ltr'>omnis</span> <span class='ocrx_word' id='word_1_302' title='bbox 1994 3466 2267 3552; x_wconf 86' lang='lat' dir='ltr'>generis</span> <span class='ocrx_word' id='word_1_303' title='bbox 2305 3466 2526 3532; x_wconf 90' lang='lat' dir='ltr'>cultus</span> <span class='ocrx_word' id='word_1_304' title='bbox 2550 3466 3006 3555; x_wconf 86' lang='lat' dir='ltr'>plurimorum</span> 
     </span>
     <span class='ocr_line' id='line_1_30' title="bbox 372 3570 3012 3659; baseline 0.001 -24"><span class='ocrx_word' id='word_1_305' title='bbox 372 3570 710 3637; x_wconf 88' lang='lat' dir='ltr'>idolorum</span> <span class='ocrx_word' id='word_1_306' title='bbox 759 3594 897 3638; x_wconf 91' lang='lat' dir='ltr'>uno</span> <span class='ocrx_word' id='word_1_307' title='bbox 940 3572 1009 3638; x_wconf 91' lang='lat' dir='ltr'>in</span> <span class='ocrx_word' id='word_1_308' title='bbox 1053 3574 1435 3639; x_wconf 87' lang='lat' dir='ltr'>sanctuario</span> <span class='ocrx_word' id='word_1_309' title='bbox 1485 3580 1862 3652; x_wconf 84' lang='lat' dir='ltr'>exercetur,</span> <span class='ocrx_word' id='word_1_310' title='bbox 1897 3578 2306 3659; x_wconf 88' lang='lat' dir='ltr'>argumento</span> <span class='ocrx_word' id='word_1_311' title='bbox 2356 3578 2452 3638; x_wconf 92' lang='lat' dir='ltr'>est</span> <span class='ocrx_word' id='word_1_312' title='bbox 2489 3594 2635 3639; x_wconf 89' lang='lat' dir='ltr'>rem</span> <span class='ocrx_word' id='word_1_313' title='bbox 2682 3572 3012 3659; x_wconf 81' lang='lat' dir='ltr'>symbolis</span> 
     </span>
     <span class='ocr_line' id='line_1_31' title="bbox 372 3677 3011 3769; baseline 0 -27"><span class='ocrx_word' id='word_1_314' title='bbox 372 3677 686 3743; x_wconf 90' lang='lat' dir='ltr'>describi.</span> <span class='ocrx_word' id='word_1_315' title='bbox 733 3684 820 3745; x_wconf 91' lang='lat' dir='ltr'>De</span> <span class='ocrx_word' id='word_1_316' title='bbox 861 3680 1122 3746; x_wconf 87' lang='lat' dir='ltr'>Iezonia</span> <span class='ocrx_word' id='word_1_317' title='bbox 1167 3679 1342 3745; x_wconf 90' lang='lat' dir='ltr'>nihil</span> <span class='ocrx_word' id='word_1_318' title='bbox 1386 3684 1627 3745; x_wconf 90' lang='lat' dir='ltr'>notum</span> <span class='ocrx_word' id='word_1_319' title='bbox 1670 3685 1800 3761; x_wconf 86' lang='lat' dir='ltr'>est;</span> <span class='ocrx_word' id='word_1_320' title='bbox 1849 3681 2184 3746; x_wconf 90' lang='lat' dir='ltr'>incertum</span> <span class='ocrx_word' id='word_1_321' title='bbox 2237 3680 2548 3769; x_wconf 89' lang='lat' dir='ltr'>quoque¹</span> <span class='ocrx_word' id='word_1_322' title='bbox 2600 3700 2764 3745; x_wconf 88' lang='lat' dir='ltr'>num</span> <span class='ocrx_word' id='word_1_323' title='bbox 2802 3678 3011 3745; x_wconf 81' lang='lat' dir='ltr'>fuerit</span> 
     </span>
     <span class='ocr_line' id='line_1_32' title="bbox 371 3784 2956 3875; baseline 0.001 -26"><span class='ocrx_word' id='word_1_324' title='bbox 371 3784 551 3850; x_wconf 90' lang='lat' dir='ltr'>filius</span> <span class='ocrx_word' id='word_1_325' title='bbox 586 3785 765 3850; x_wconf 89' lang='lat' dir='ltr'>illius</span> <span class='ocrx_word' id='word_1_326' title='bbox 805 3788 1115 3875; x_wconf 85' lang='lat' dir='ltr'>Saphan,</span> <span class='ocrx_word' id='word_1_327' title='bbox 1146 3786 1229 3852; x_wconf 94' lang='lat' dir='ltr'>de</span> <span class='ocrx_word' id='word_1_328' title='bbox 1259 3808 1395 3875; x_wconf 90' lang='lat' dir='ltr'>quo</span> <span class='ocrx_word' id='word_1_329' title='bbox 1425 3793 1463 3853; x_wconf 75' lang='grc' dir='ltr'>ἰι</span> <span class='ocrx_word' id='word_1_330' title='bbox 1496 3791 1663 3872; x_wconf 75' lang='lat' dir='ltr'>Reg.</span> <span class='ocrx_word' id='word_1_331' title='bbox 1696 3793 1856 3867; x_wconf 51' lang='lat'>2253</span> <span class='ocrx_word' id='word_1_332' title='bbox 1890 3809 2029 3875; x_wconf 88' lang='lat' dir='ltr'>seq.</span> <span class='ocrx_word' id='word_1_333' title='bbox 2070 3792 2197 3852; x_wconf 90' lang='lat' dir='ltr'>Ier.</span> <span class='ocrx_word' id='word_1_334' title='bbox 2229 3794 2419 3866; x_wconf 82' lang='lat'><strong>29‚3;</strong></span> <span class='ocrx_word' id='word_1_335' title='bbox 2456 3793 2692 3867; x_wconf 86' lang='lat'>36‚10;</span> <span class='ocrx_word' id='word_1_336' title='bbox 2729 3790 2956 3861; x_wconf 56' lang='lat' dir='ltr'>39,st</span> 
     </span>
     <span class='ocr_line' id='line_1_33' title="bbox 463 3891 3004 3981; baseline 0 -25"><span class='ocrx_word' id='word_1_337' title='bbox 463 3895 693 3978; x_wconf 82' lang='lat' dir='ltr'>Imago</span> <span class='ocrx_word' id='word_1_338' title='bbox 729 3893 1102 3981; x_wconf 82' lang='lat' dir='ltr'>explicatur</span> <span class='ocrx_word' id='word_1_339' title='bbox 1138 3916 1204 3958; x_wconf 79' lang='lat' dir='ltr'>v,</span> <span class='ocrx_word' id='word_1_340' title='bbox 1260 3899 1340 3958; x_wconf 77' lang='lat'>12</span> <span class='ocrx_word' id='word_1_341' title='bbox 1376 3923 1408 3955; x_wconf 92' lang='lat'>«</span> <span class='ocrx_word' id='word_1_342' title='bbox 1454 3906 1519 3958; x_wconf 87' lang='lat' dir='ltr'>et</span> <span class='ocrx_word' id='word_1_343' title='bbox 1560 3894 1734 3959; x_wconf 75' lang='lat' dir='ltr'>dicit</span> <span class='ocrx_word' id='word_1_344' title='bbox 1766 3893 1863 3958; x_wconf 89' lang='lat' dir='ltr'>ad</span> <span class='ocrx_word' id='word_1_345' title='bbox 1904 3917 2011 3959; x_wconf 85' lang='lat' dir='ltr'>me</span> <span class='ocrx_word' id='word_1_346' title='bbox 2042 3915 2065 3959; x_wconf 90' lang='lat'>.·</span> <span class='ocrx_word' id='word_1_347' title='bbox 2096 3906 2270 3959; x_wconf 80' lang='lat' dir='ltr'>certe</span> <span class='ocrx_word' id='word_1_348' title='bbox 2315 3893 2499 3960; x_wconf 72' lang='lat' dir='ltr'>vides</span> <span class='ocrx_word' id='word_1_349' title='bbox 2537 3892 2651 3980; x_wconf 75' lang='lat' dir='ltr'>fili</span> <span class='ocrx_word' id='word_1_350' title='bbox 2687 3891 3004 3972; x_wconf 55' lang='lat' dir='ltr'>hominia,</span> 
     </span>
     <span class='ocr_line' id='line_1_34' title="bbox 371 3998 3007 4089; baseline 0 -26"><span class='ocrx_word' id='word_1_351' title='bbox 371 4021 546 4087; x_wconf 75' lang='lat' dir='ltr'>quae</span> <span class='ocrx_word' id='word_1_352' title='bbox 583 4000 871 4065; x_wconf 74' lang='lat' dir='ltr'>seniores</span> <span class='ocrx_word' id='word_1_353' title='bbox 901 4000 1138 4066; x_wconf 85' lang='lat' dir='ltr'>domus</span> <span class='ocrx_word' id='word_1_354' title='bbox 1162 3999 1378 4066; x_wconf 81' lang='lat' dir='ltr'>Israel</span> <span class='ocrx_word' id='word_1_355' title='bbox 1395 4000 1672 4089; x_wconf 85' lang='lat' dir='ltr'>faciunt</span> <span class='ocrx_word' id='word_1_356' title='bbox 1700 4000 1771 4066; x_wconf 89' lang='lat' dir='ltr'>in</span> <span class='ocrx_word' id='word_1_357' title='bbox 1803 3999 2112 4080; x_wconf 72' lang='lat' dir='ltr'>tenebriS,</span> <span class='ocrx_word' id='word_1_358' title='bbox 2141 4000 2601 4089; x_wconf 82' lang='lat' dir='ltr'>unusquisque</span> <span class='ocrx_word' id='word_1_359' title='bbox 2627 4000 2696 4065; x_wconf 88' lang='lat' dir='ltr'>in</span> <span class='ocrx_word' id='word_1_360' title='bbox 2724 3998 3007 4066; x_wconf 83' lang='lat' dir='ltr'>abscon-</span> 
     </span>
     <span class='ocr_line' id='line_1_35' title="bbox 370 4106 3007 4197; baseline -0 -26"><span class='ocrx_word' id='word_1_361' title='bbox 370 4106 506 4172; x_wconf 82' lang='lat' dir='ltr'>dito</span> <span class='ocrx_word' id='word_1_362' title='bbox 549 4106 851 4174; x_wconf 74' lang='lat' dir='ltr'>cubiculi</span> <span class='ocrx_word' id='word_1_363' title='bbox 882 4107 1026 4189; x_wconf 85' lang='lat' dir='ltr'>sui;</span> <span class='ocrx_word' id='word_1_364' title='bbox 1051 4106 1285 4173; x_wconf 81' lang='lat' dir='ltr'>dicunt</span> <span class='ocrx_word' id='word_1_365' title='bbox 1323 4108 1503 4172; x_wconf 85' lang='lat' dir='ltr'>enim</span> <span class='ocrx_word' id='word_1_366' title='bbox 1541 4129 1564 4173; x_wconf 90' lang='lat'>.·</span> <span class='ocrx_word' id='word_1_367' title='bbox 1589 4131 1726 4174; x_wconf 83' lang='lat' dir='ltr'>non</span> <span class='ocrx_word' id='word_1_368' title='bbox 1754 4108 1937 4173; x_wconf 79' lang='lat' dir='ltr'>videt</span> <span class='ocrx_word' id='word_1_369' title='bbox 1959 4107 2287 4176; x_wconf 75' lang='lat' dir='ltr'>Dominus</span> <span class='ocrx_word' id='word_1_370' title='bbox 2316 4129 2471 4188; x_wconf 88' lang='lat' dir='ltr'>nos,</span> <span class='ocrx_word' id='word_1_371' title='bbox 2499 4106 2855 4197; x_wconf 80' lang='lat' dir='ltr'>dereliquit</span> <span class='ocrx_word' id='word_1_372' title='bbox 2877 4110 3007 4171; x_wconf 90' lang='lat' dir='ltr'>Do-</span> 
     </span>
     <span class='ocr_line' id='line_1_36' title="bbox 370 4213 3000 4303; baseline 0 -25"><span class='ocrx_word' id='word_1_373' title='bbox 370 4214 594 4280; x_wconf 82' lang='lat' dir='ltr'>minus</span> <span class='ocrx_word' id='word_1_374' title='bbox 633 4227 878 4280; x_wconf 80' lang='lat' dir='ltr'>terram</span> <span class='ocrx_word' id='word_1_375' title='bbox 923 4236 990 4295; x_wconf 79' lang='lat'>»3</span> <span class='ocrx_word' id='word_1_376' title='bbox 1035 4254 1123 4263; x_wconf 95' lang='lat'>—-</span> <span class='ocrx_word' id='word_1_377' title='bbox 1160 4214 1355 4280; x_wconf 89' lang='lat' dir='ltr'>hebr.</span> <span class='ocrx_word' id='word_1_378' title='bbox 1404 4216 1475 4280; x_wconf 83' lang='lat' dir='ltr'>in</span> <span class='ocrx_word' id='word_1_379' title='bbox 1502 4214 1973 4303; x_wconf 78' lang='lat' dir='ltr'>penetralibus</span> <span class='ocrx_word' id='word_1_380' title='bbox 1996 4213 2316 4302; x_wconf 79' lang='lat' dir='ltr'>picturae</span> <span class='ocrx_word' id='word_1_381' title='bbox 2358 4236 2520 4280; x_wconf 83' lang='lat' dir='ltr'>suae</span> <span class='ocrx_word' id='word_1_382' title='bbox 2559 4214 2664 4279; x_wconf 91' lang='lat' dir='ltr'>vel</span> <span class='ocrx_word' id='word_1_383' title='bbox 2711 4213 3000 4299; x_wconf 85' lang='lat' dir='ltr'>figurae,</span> 
     </span>
     <span class='ocr_line' id='line_1_37' title="bbox 367 4320 3000 4409; baseline 0 -25"><span class='ocrx_word' id='word_1_384' title='bbox 367 4320 717 4404; x_wconf 78' lang='lat' dir='ltr'>imaginis;</span> <span class='ocrx_word' id='word_1_385' title='bbox 748 4344 907 4387; x_wconf 91' lang='lat' dir='ltr'>nam</span> <span class='ocrx_word' id='word_1_386' title='bbox 948 4325 1170 4409; x_wconf 54' lang='lat' dir='ltr'>mni-3773</span> <span class='ocrx_word' id='word_1_387' title='bbox 1211 4344 1289 4387; x_wconf 83' lang='lat' dir='ltr'>ex</span> <span class='ocrx_word' id='word_1_388' title='bbox 1330 4325 1482 4388; x_wconf 84' lang='lat' dir='ltr'>Lev.</span> <span class='ocrx_word' id='word_1_389' title='bbox 1531 4329 1684 4400; x_wconf 75' lang='lat'>26‚1</span> <span class='ocrx_word' id='word_1_390' title='bbox 1720 4328 1786 4386; x_wconf 90' lang='lat' dir='ltr'>et</span> <span class='ocrx_word' id='word_1_391' title='bbox 1828 4325 2024 4387; x_wconf 91' lang='lat' dir='ltr'>Num.</span> <span class='ocrx_word' id='word_1_392' title='bbox 2062 4328 2265 4402; x_wconf 82' lang='lat'>33,52</span> <span class='ocrx_word' id='word_1_393' title='bbox 2315 4321 2405 4387; x_wconf 90' lang='lat' dir='ltr'>ad</span> <span class='ocrx_word' id='word_1_394' title='bbox 2452 4320 2638 4387; x_wconf 90' lang='lat' dir='ltr'>idola</span> <span class='ocrx_word' id='word_1_395' title='bbox 2688 4321 3000 4386; x_wconf 85' lang='lat' dir='ltr'>refertur.</span> 
     </span>
    </p>
   </div>
   <div class='ocr_carea' id='block_1_3' title="bbox 371 4444 3005 4535">
    <p class='ocr_par' dir='ltr' id='par_1_3' title="bbox 371 4444 3005 4535">
     <span class='ocr_line' id='line_1_38' title="bbox 371 4444 3005 4535; baseline 0 -25"><span class='ocrx_word' id='word_1_396' title='bbox 371 4445 659 4511; x_wconf 80' lang='lat' dir='ltr'>Effertur</span> <span class='ocrx_word' id='word_1_397' title='bbox 688 4445 852 4534; x_wconf 86' lang='lat' dir='ltr'>quid</span> <span class='ocrx_word' id='word_1_398' title='bbox 894 4448 964 4512; x_wconf 91' lang='lat' dir='ltr'>in</span> <span class='ocrx_word' id='word_1_399' title='bbox 1004 4446 1301 4512; x_wconf 82' lang='lat' dir='ltr'>tenebris</span> <span class='ocrx_word' id='word_1_400' title='bbox 1324 4446 1367 4513; x_wconf 92' lang='lat' dir='ltr'>i.</span> <span class='ocrx_word' id='word_1_401' title='bbox 1400 4469 1460 4512; x_wconf 89' lang='lat' dir='ltr'>e.</span> <span class='ocrx_word' id='word_1_402' title='bbox 1503 4446 1572 4511; x_wconf 92' lang='lat' dir='ltr'>in</span> <span class='ocrx_word' id='word_1_403' title='bbox 1614 4444 2010 4512; x_wconf 86' lang='lat' dir='ltr'>abscondito</span> <span class='ocrx_word' id='word_1_404' title='bbox 2042 4445 2350 4528; x_wconf 83' lang='lat' dir='ltr'>fecerint,</span> <span class='ocrx_word' id='word_1_405' title='bbox 2382 4468 2519 4535; x_wconf 93' lang='lat' dir='ltr'>quo</span> <span class='ocrx_word' id='word_1_406' title='bbox 2549 4446 2755 4535; x_wconf 89' lang='lat' dir='ltr'>culpa</span> <span class='ocrx_word' id='word_1_407' title='bbox 2798 4467 3005 4534; x_wconf 87' lang='lat' dir='ltr'>appa-</span> 
     </span>
    </p>
   </div>
   <div class='ocr_carea' id='block_1_4' title="bbox 373 4721 2998 4938">
    <p class='ocr_par' dir='ltr' id='par_1_4' title="bbox 373 4721 2998 4938">
     <span class='ocr_line' id='line_1_39' title="bbox 447 4721 2998 4787; baseline 0.001 -16"><span class='ocrx_word' id='word_1_408' title='bbox 447 4729 489 4771; x_wconf 84' lang='lat'>1.</span> <span class='ocrx_word' id='word_1_409' title='bbox 521 4723 581 4772; x_wconf 91' lang='lat' dir='ltr'>Id</span> <span class='ocrx_word' id='word_1_410' title='bbox 602 4724 798 4771; x_wconf 81' lang='lat' dir='ltr'>certum</span> <span class='ocrx_word' id='word_1_411' title='bbox 831 4726 1003 4771; x_wconf 86' lang='lat' dir='ltr'>censet</span> <span class='ocrx_word' id='word_1_412' title='bbox 1036 4723 1344 4785; x_wconf 70' lang='grc' dir='ltr'>Ρὶιιηιρίνο,</span> <span class='ocrx_word' id='word_1_413' title='bbox 1376 4721 1648 4787; x_wconf 79' lang='lat' dir='ltr'>Exposilor</span> <span class='ocrx_word' id='word_1_414' title='bbox 1673 4722 1706 4772; x_wconf 93' lang='lat' dir='ltr'>l.</span> <span class='ocrx_word' id='word_1_415' title='bbox 1734 4737 1779 4772; x_wconf 92' lang='lat' dir='ltr'>c.</span> <span class='ocrx_word' id='word_1_416' title='bbox 1816 4740 1826 4770; x_wconf 94' lang='lat'><strong>:</strong></span> <span class='ocrx_word' id='word_1_417' title='bbox 1856 4743 1878 4766; x_wconf 73' lang='grc' dir='ltr'>ει</span> <span class='ocrx_word' id='word_1_418' title='bbox 1907 4722 1991 4772; x_wconf 81' lang='lat' dir='ltr'>the</span> <span class='ocrx_word' id='word_1_419' title='bbox 2018 4737 2164 4773; x_wconf 88' lang='lat' dir='ltr'>name</span> <span class='ocrx_word' id='word_1_420' title='bbox 2188 4723 2231 4772; x_wconf 83' lang='lat' dir='ltr'>is</span> <span class='ocrx_word' id='word_1_421' title='bbox 2255 4721 2496 4772; x_wconf 85' lang='lat' dir='ltr'>recorded</span> <span class='ocrx_word' id='word_1_422' title='bbox 2526 4722 2576 4771; x_wconf 87' lang='lat' dir='ltr'>in</span> <span class='ocrx_word' id='word_1_423' title='bbox 2601 4723 2736 4785; x_wconf 72' lang='lat' dir='ltr'>grief</span> <span class='ocrx_word' id='word_1_424' title='bbox 2755 4723 2857 4773; x_wconf 84' lang='lat' dir='ltr'>and</span> <span class='ocrx_word' id='word_1_425' title='bbox 2881 4724 2998 4774; x_wconf 89' lang='lat' dir='ltr'>hor·</span> 
     </span>
     <span class='ocr_line' id='line_1_40' title="bbox 375 4803 2990 4869; baseline -0.001 -12"><span class='ocrx_word' id='word_1_426' title='bbox 375 4822 464 4857; x_wconf 83' lang='lat' dir='ltr'>ror</span> <span class='ocrx_word' id='word_1_427' title='bbox 487 4810 540 4857; x_wconf 87' lang='lat' dir='ltr'>at</span> <span class='ocrx_word' id='word_1_428' title='bbox 568 4805 655 4854; x_wconf 82' lang='lat' dir='ltr'>thc</span> <span class='ocrx_word' id='word_1_429' title='bbox 690 4804 928 4866; x_wconf 78' lang='lat' dir='ltr'>apostasy</span> <span class='ocrx_word' id='word_1_430' title='bbox 956 4803 1013 4851; x_wconf 80' lang='lat' dir='ltr'>os</span> <span class='ocrx_word' id='word_1_431' title='bbox 1027 4817 1123 4860; x_wconf 86' lang='lat' dir='ltr'>one</span> <span class='ocrx_word' id='word_1_432' title='bbox 1157 4804 1332 4853; x_wconf 85' lang='lat' dir='ltr'>whose</span> <span class='ocrx_word' id='word_1_433' title='bbox 1361 4803 1531 4866; x_wconf 78' lang='lat' dir='ltr'>family</span> <span class='ocrx_word' id='word_1_434' title='bbox 1558 4803 1657 4853; x_wconf 84' lang='lat' dir='ltr'>had</span> <span class='ocrx_word' id='word_1_435' title='bbox 1698 4804 1824 4854; x_wconf 77' lang='lat' dir='ltr'>bern</span> <span class='ocrx_word' id='word_1_436' title='bbox 1861 4803 2197 4867; x_wconf 85' lang='lat' dir='ltr'>conspicuous</span> <span class='ocrx_word' id='word_1_437' title='bbox 2229 4817 2412 4868; x_wconf 86' lang='lat' dir='ltr'>among</span> <span class='ocrx_word' id='word_1_438' title='bbox 2442 4804 2526 4852; x_wconf 80' lang='lat' dir='ltr'>the</span> <span class='ocrx_word' id='word_1_439' title='bbox 2569 4803 2871 4868; x_wconf 76' lang='lat' dir='ltr'>Godfeariug</span> <span class='ocrx_word' id='word_1_440' title='bbox 2904 4818 2990 4869; x_wconf 81' lang='lat' dir='ltr'>pa-</span> 
     </span>
     <span class='ocr_line' id='line_1_41' title="bbox 373 4883 932 4938; baseline -0.014 0"><span class='ocrx_word' id='word_1_441' title='bbox 373 4888 525 4938; x_wconf 74' lang='lat' dir='ltr'>triots</span> <span class='ocrx_word' id='word_1_442' title='bbox 552 4883 611 4935; x_wconf 82' lang='lat' dir='ltr'>of</span> <span class='ocrx_word' id='word_1_443' title='bbox 625 4886 712 4934; x_wconf 82' lang='lat' dir='ltr'>the</span> <span class='ocrx_word' id='word_1_444' title='bbox 745 4884 869 4933; x_wconf 81' lang='lat' dir='ltr'>time</span> <span class='ocrx_word' id='word_1_445' title='bbox 891 4903 932 4930; x_wconf 74' lang='grc' dir='ltr'>ιο.</span> 
     </span>
    </p>
   </div>
   <div class='ocr_carea' id='block_1_5' title="bbox 3487 188 3493 5110">
    <p class='ocr_par' dir='ltr' id='par_1_5' title="bbox 3487 188 3493 5110">
     <span class='ocr_line' id='line_1_42' title="bbox 3487 188 3493 5110; baseline 0 0"><span class='ocrx_word' id='word_1_446' title='bbox 3487 188 3493 5110; x_wconf 95' lang='lat' dir='ltr'> </span> 
     </span>
    </p>
   </div>
  </div>
 </body>
</html>
