3509 5425
234 425 293 484 178
773 421 822 480 ΕΖ.
849 421 897 492 17,
920 421 1011 479 *rr-23

232 572 296 638 sub
311 593 352 638 ea
364 570 532 638 habitent.
551 570 646 637 Haud
660 570 805 638 obscura
826 575 875 637 est
890 570 975 636 haec
995 567 1162 658 parabola
1185 588 1193 635 ε
1215 567 1336 634 domus
1353 565 1462 633 Dauid
1479 587 1548 631 non

230 677 398 757 interibit,
422 679 584 744 Dominus
601 667 714 743 servat
728 678 931 767 progeniem
945 674 1068 756 David,
1086 674 1197 741 sedin
1216 673 1410 740 conditione
1423 672 1546 739 humili

230 789 263 850 ct
275 784 433 866 obscura,
455 783 567 851 servat
581 805 657 850 eam
673 783 779 850 donec
793 784 865 874 ipse
885 806 925 849 ex
945 805 985 849 ea
998 782 1164 873 progenie
1185 780 1284 847 illum
1299 784 1349 848 est
1365 778 1548 846 educturus

199 925 203 941 ι
229 892 288 980 qui
301 911 447 977 regnum
461 889 666 958 fundaturus
678 895 726 958 est
738 889 932 957 universale
948 895 980 956 et
994 888 1058 956 sub
1071 912 1132 956 suo
1146 894 1278 979 sceptro
1296 908 1412 954 omnes
1430 893 1548 972 gentes

228 1004 514 1084 congregaturus.
537 1002 572 1063 ln
594 997 656 1064 illa
676 997 869 1066 conditione
889 996 1014 1063 humili
1034 995 1078 1062 ad
1100 1016 1205 1085 quam
1224 994 1344 1061 domus
1359 992 1465 1061 David
1481 996 1546 1060 erit

229 1104 366 1172 redacta
378 1106 531 1171 cernitur
544 1127 654 1195 poena
669 1103 811 1190 regibus
821 1104 938 1193 impiis
952 1101 1146 1193 praedicta;
1162 1102 1199 1168 in
1210 1100 1402 1168 ramusculo
1412 1106 1545 1167 servato

226 1213 286 1302 qui
306 1211 449 1278 tandem
470 1211 534 1277 erit
555 1211 592 1277 in
610 1210 751 1277 cedrum
771 1210 955 1276 sublimem
976 1209 1070 1276 adest
1087 1208 1323 1281 misericordia
1340 1230 1445 1297 quam
1458 1212 1544 1275 Deus

225 1340 293 1384 non
323 1318 455 1384 auferet
480 1339 500 1384 a
520 1318 622 1384 domo
643 1316 750 1384 David
774 1317 809 1404 (Ξ
834 1321 917 1402 Reg.
944 1316 1076 1405 1t,15);
1101 1337 1142 1381 eo
1159 1316 1267 1401 igitur
1285 1335 1385 1382 sensu
1403 1315 1547 1390 thronus

226 1424 332 1491 David
352 1428 402 1491 est
420 1429 594 1507 aeternus,
615 1428 652 1490 ut
669 1423 788 1490 domui
808 1423 915 1490 David
925 1424 1005 1490 licet
1019 1423 1063 1489 sit
1078 1422 1113 1488 in
1133 1421 1302 1488 humilem
1316 1420 1543 1488 conditionem

223 1530 365 1598 redacta
382 1536 519 1597 maneat
530 1530 622 1621 apud
638 1531 810 1597 Daumius
823 1530 942 1597 throni
955 1531 1097 1611 aeterni,
1114 1528 1207 1619 quod
1218 1533 1305 1596 Deus
1318 1549 1379 1594 suo
1393 1530 1546 1617 teinpore

223 1638 260 1704 in
279 1659 365 1727 opus
382 1636 528 1704 deducet
547 1659 628 1704 eum
644 1639 810 1704 suscitans
827 1659 867 1704 ex
887 1638 1052 1727 progenie
1073 1635 1178 1703 David
1199 1635 1255 1701 cui
1268 1635 1431 1702 thronum
1446 1636 1544 1702 illum

221 1749 397 1810 aeternum
419 1765 540 1811 revera
561 1732 782 1810 est'daturus.
809 1750 919 1823 Quare
936 1744 1100 1830 angelum
1120 1741 1165 1810 ad
1187 1741 1417 1808 beatissimam
1433 1742 1544 1828 Virgi-

219 1871 300 1918 nem
316 1851 512 1940 loquentem
531 1849 691 1917 audimus
709 1872 717 1919 ε
736 1878 752 1911 «
771 1855 804 1916 et
821 1849 918 1917 dabit
938 1850 990 1917 illi
1003 1851 1166 1917 Dominus
1177 1855 1262 1916 Deus
1276 1846 1391 1915 sedem
1408 1851 1538 1946 (θρόνον)

219 1967 328 2034 David
349 1967 457 2057 patris
471 1967 543 2034 eius
562 1971 595 2033 et
608 1965 768 2052 regnabit
782 1966 818 2032 in
834 1967 937 2033 domo
952 1964 1051 2032 lacob
1068 1965 1104 2030 in
1116 1970 1295 2032 aeternum
1308 1971 1343 2031 et
1357 1965 1458 2052 regni
1471 1965 1545 2031 eius

219 2094 288 2140 non
311 2073 376 2138 erit
389 2072 467 2139 linis
492 2101 508 2134 a
530 2072 620 2160 (Luc.
644 2079 734 2156 1‚32.
753 2073 822 2158 33),
841 2071 936 2140 Unde
955 2073 1059 2138 etiam
1074 2076 1166 2162 patet
1182 2076 1353 2162 sceptrum
1365 2093 1544 2161 ancipitum

218 2177 445 2246 auferendum
455 2201 524 2245 esse
539 2178 581 2245 de
592 2178 694 2257 luda;
709 2201 779 2246 non
789 2179 963 2246 auferetur
973 2177 1078 2244 doreec
1088 2178 1138 2244 illi
1148 2182 1312 2245 venturus
1323 2179 1365 2244 sit
1380 2179 1439 2268 qui
1454 2177 1543 2245 illud

218 2295 316 2372 geret
329 2285 365 2352 in
380 2289 574 2368 aeternum3
597 2285 768 2375 quomodo
783 2307 868 2372 ergo
885 2290 997 2376 posset
1014 2285 1155 2352 auferri
1167 2297 1353 2375 postquam
1371 2285 1428 2352 ille
1443 2306 1541 2375 scep-

217 2399 309 2458 trum
324 2398 358 2458 et
372 2385 518 2478 reguum
533 2397 711 2460 aeternum
726 2394 896 2483 suscepit?

262 2499 423 2566 Surculus
436 2498 491 2565 vel
507 2499 720 2567 ramusculus
733 2500 791 2566 ille
806 2521 909 2589 quem
927 2500 1089 2566 Dominus
1102 2505 1214 2567 servat
1229 2499 1272 2565 de
1287 2498 1389 2566 cedro
1398 2498 1539 2566 sublimi
1597 2566 1602 2574 ,
1724 2516 1726 2523 ·

216 2605 307 2673 idem
319 2603 491 2692 significat
504 2606 596 2695 quod
608 2613 708 2672 Amos
723 2605 805 2674 dicit
819 2606 1080 2674 tabernaculum
1095 2605 1201 2673 David
1215 2605 1307 2696 quod
1322 2605 1461 2688 decidit,
1476 2606 1542 2673 sic-

217 2721 255 2781 ut
268 2714 425 2781 surculus
443 2714 478 2779 in
499 2713 640 2780 cedrum
659 2736 822 2800 magnam
836 2738 900 2804 per
915 2714 1095 2781 Dominum
1113 2712 1253 2781 eductus
1271 2720 1320 2780 est
1334 2714 1541 2780 tabernacu-

213 2821 282 2887 lum
299 2820 406 2887 David
421 2842 442 2886 a
456 2822 598 2886 Domino
613 2822 823 2903 suscitatum,
835 2823 1075 2902 instauratum,
1093 2820 1361 2902 reaedificatum,
1378 2822 1428 2887 uti
1438 2827 1541 2887 Amos

214 2934 292 3009 9,11
311 2927 474 3018 loquitur.
497 2931 531 2993 ln
548 2928 607 2994 illo
622 2928 759 2994 surculo
774 2926 866 2994 idem
884 2928 1087 3017 exprimitur
1101 2927 1193 3017 quod
1208 2927 1302 3017 apud
1313 2929 1435 2995 lsaiam
1451 2935 1509 3012 t,2
1529 2953 1538 2998 :

215 3055 357 3120 germen
383 3035 514 3100 Domini
536 3035 601 3100 erit
623 3034 659 3100 in
682 3035 953 3120 magnificentia,
973 3042 1049 3115 tl,1
1072 3056 1079 3101 :
1108 3034 1305 3120 egredietur
1321 3034 1475 3103 surculus
1493 3036 1540 3103 de

212 3146 334 3206 trunco
348 3144 431 3206 lesse
446 3140 587 3229 (hebr),
606 3146 686 3220 532
705 3162 712 3207 :
734 3140 894 3207 ascendet
906 3142 994 3208 sicut
1011 3142 1198 3228 virgultum
1216 3163 1331 3208 coram
1345 3164 1396 3209 eo.
1413 3148 1539 3221 Quem-

212 3245 398 3313 admodum
418 3246 454 3312 h.
476 3245 499 3313 l.
515 3268 553 3312 ex
568 3268 696 3332 magna
715 3246 814 3313 cedro
829 3252 984 3315 servatur
1000 3250 1229 3330 ramusculus,
1247 3250 1295 3315 ita
1310 3248 1403 3339 apud
1416 3249 1539 3316 lsaiam

212 3355 320 3418 totum
336 3373 481 3437 regnum
501 3352 676 3419 iudaicam
695 3352 810 3420 arbori
830 3360 1049 3445 comparatur
1067 3378 1153 3445 quae
1173 3355 1368 3423 succidetur
1383 3360 1416 3423 et
1438 3358 1541 3423 cuius

212 3463 355 3525 truncus
368 3458 477 3524 solum
497 3463 652 3525 remanet
674 3481 714 3525 ex
728 3483 796 3549 quo
811 3466 927 3527 autem
941 3483 1057 3527 semen
1075 3466 1231 3528 sanctum
1250 3463 1460 3548 germinabit
1479 3464 1536 3553 (Is.

213 3563 319 3653 6,13).
337 3568 373 3630 ln
389 3586 457 3656 qua
476 3567 729 3655 comparatione
746 3566 939 3635 declaratur
950 3588 1097 3654 regnum
1112 3568 1349 3635 messianicum
1367 3592 1408 3636 ex
1419 3571 1539 3660 parvis

211 3672 318 3738 initiis
337 3671 505 3738 oriturum
520 3694 602 3754 esse,
620 3673 726 3740 immo
744 3674 851 3763 ipsius
866 3676 1002 3741 Messiae
1015 3673 1202 3741 humilitati
1215 3676 1283 3741 iam
1302 3676 1535 3765 praeluditur,

213 3778 273 3845 sed
287 3777 391 3844 simul
405 3779 616 3868 apertissime
629 3779 802 3847 iudicatur
814 3804 855 3848 ex
869 3786 956 3849 statu
971 3782 1096 3847 humili
1111 3803 1190 3848 eum
1205 3788 1450 3872 perventurum
1462 3806 1539 3853 esse

212 3884 257 3952 ad
271 3886 418 3973 gloriam
433 3890 466 3951 et
480 3886 691 3953 maiestatem
705 3887 763 3967 ita,
782 3893 820 3954 nt
836 3888 930 3955 orbis
943 3888 1120 3955 universus
1133 3888 1164 3954 ei
1177 3888 1390 3971 subiiciatur,
1406 3895 1446 3957 ut
1457 3913 1537 3958 om-

210 4016 270 4060 nes
284 3998 406 4080 gentes
421 3992 514 4082 apud
529 3995 643 4083 ipsum
659 4016 779 4083 pacem
794 4000 828 4059 et
842 3995 984 4062 salutem
1003 4002 1170 4085 quaerant
1188 4001 1221 4061 et
1238 3997 1301 4062 sub
1319 3997 1445 4065 umbra
1461 3999 1539 4066 eius

210 4100 415 4168 inhabitent.
433 4104 575 4191 Insuper
589 4100 731 4169 adverte
746 4101 917 4190 quomodo
929 4102 964 4167 in
983 4100 1149 4191 parabola
1166 4101 1208 4169 dc
1223 4125 1330 4189 grano
1346 4104 1474 4195 sinapis
1487 4105 1538 4173 ab

209 4207 283 4298 ipso
301 4208 415 4275 Massia
433 4207 517 4273 haec
540 4207 582 4274 de
598 4208 732 4275 surculo
753 4212 786 4275 et
808 4207 910 4274 cedro
928 4208 1068 4274 sublimi
1091 4208 1294 4300 metaphora
1316 4209 1361 4277 ad
1384 4232 1537 4297 regnum

211 4314 382 4380 coelorum
397 4315 421 4381 i.
448 4337 477 4381 e.
504 4313 548 4380 ad
566 4336 714 4399 regnum
736 4314 994 4397 messianicum,
1012 4316 1084 4382 eius
1102 4317 1284 4403 originem,
1309 4320 1537 4407 propagatio-

211 4441 303 4500 nem,
325 4419 470 4487 salutem
494 4421 653 4487 omnibus
679 4421 1000 4489 communicandam
1017 4422 1243 4489 transferatur
1266 4424 1393 4513 (uatth.
1415 4431 1535 4507 13,31.

212 4531 308 4594 llarc.
329 4530 517 4607 u‚31.Luc.
537 4526 665 4613 13,19).

251 4738 464 4818 Metaphorico
475 4740 629 4818 loquendi
644 4758 759 4819 genere
773 4742 833 4802 rite
850 4742 1023 4816 intellecto,
1037 4762 1101 4823 quo
1113 4760 1224 4805 norma
1238 4745 1294 4807 Dei
1309 4762 1367 4824 pro
1382 4750 1532 4825 tempore

210 4836 317 4899 futuro
333 4842 364 4898 et
379 4856 436 4917 pro
457 4840 693 4900 conservatione
717 4840 830 4902 domus
846 4840 1011 4903 davidicae
1032 4846 1064 4903 et
1083 4842 1160 4903 iuris
1180 4842 1325 4903 eiusdem
1344 4842 1525 4914 exhibetur,
