3509 5425
223 375 284 436 202
760 372 810 432 ΕΖ.
834 374 886 448 20,
909 375 1006 436 3236

220 524 406 592 tumaciam
429 522 495 588 suis
514 519 648 588 iudiciis
670 523 879 612 compescuit
898 529 1000 614 atque
1017 525 1139 612 fregit,
1158 526 1206 593 ita
1225 526 1294 593 iam
1314 525 1418 594 simili
1437 525 1542 592 modo

221 632 354 698 animos
372 649 491 696 eorum
509 627 612 695 duros
631 628 675 695 ab
693 628 882 699 inveterata
896 631 1077 721 iniquitate
1092 633 1239 700 sanabit.
1257 632 1343 711 Quid
1360 653 1443 719 ergo
1457 631 1543 699 boni

221 759 260 804 ao
283 736 450 804 salutiferi
471 757 511 802 cx
529 735 629 822 regni
649 735 749 802 ruina
768 735 953 804 oriundum
970 739 1028 820 sit,
1052 739 1178 808 iterum
1196 741 1418 830 proponitur3
1444 739 1540 829 apud

219 865 337 912 omnes
355 843 447 910 enim
467 842 651 933 prophetas
672 840 759 908 illud
782 842 872 910 volat
892 849 926 910 et
944 844 1135 937 explicatur
1159 836 1401 913 documentum
1424 846 1543 936 provi-

220 949 355 1018 dentiae
375 949 433 1017 Dei
456 949 492 1015 in
514 949 617 1016 rebus
635 949 824 1016 israeliticis
846 973 853 1019 :
876 952 959 1017 Sion
973 951 1010 1018 in
1027 951 1158 1020 iudicio
1177 952 1366 1020 redimetur
1385 950 1477 1041 (vide
1495 952 1543 1019 ad

221 1045 388 1146 lssstffl).
405 1055 500 1124 Unde
516 1059 697 1146 postquam
717 1059 802 1122 Deus
821 1057 957 1125 ruinam
976 1080 1046 1125 non
1063 1060 1107 1126 iri
1123 1059 1328 1150 impeditum
1349 1057 1539 1148 respondit,

220 1165 333 1231 statim
357 1185 397 1230 ea
421 1161 598 1248 subiungit
623 1183 711 1252 quae
734 1184 775 1231 ex
798 1163 899 1230 ruina
921 1164 1053 1232 inflicta
1075 1166 1236 1258 consequi
1259 1163 1408 1232 debeant
1435 1187 1468 1232 v.
1497 1171 1542 1232 32

221 1297 237 1332 o
259 1274 376 1360 Neque
394 1268 551 1360 cogitatio
567 1269 898 1359 meotisoestroefiet
912 1271 1124 1338 diaconiam:
1138 1271 1364 1340 enmussicut
1377 1282 1542 1360 peteteret
1584 1337 1590 1340 .

219 1379 309 1444 sieut
329 1376 544 1468 coquariones
564 1387 690 1457 terrae,
715 1388 754 1442 ut
773 1375 925 1442 colurnus
947 1376 1042 1468 liqna
1059 1389 1094 1445 et
1113 1377 1243 1469 Iapides
1264 1401 1298 1460 »3
1322 1417 1368 1428 -
1392 1377 1445 1444 illi
1462 1378 1542 1467 qni-

220 1484 299 1552 dam
316 1507 379 1576 pro
399 1482 529 1550 viribus
551 1483 586 1549 in
607 1483 762 1570 gentium
781 1483 938 1551 ordinem
958 1489 990 1550 et
1008 1507 1150 1552 censum
1172 1507 1208 1552 se
1225 1485 1387 1571 redigere
1401 1484 1540 1567 volunt;

223 1619 239 1656 ‹<
255 1613 298 1658 ne
312 1590 803 1682 putetiscogitationesvestras
813 1611 911 1679 posse
926 1591 1109 1681 compleri;
1126 1591 1237 1659 dicitis
1247 1592 1340 1661 enim
1356 1613 1363 1658 :
1379 1591 1541 1658 nolumus

221 1719 291 1766 esse
305 1697 369 1764 sub
384 1698 540 1780 Domino,
562 1717 626 1764 neo
644 1695 790 1786 populus
809 1696 902 1764 illius
915 1698 1082 1788 appellari
1098 1726 1115 1759 »
1138 1698 1189 1788 (S.
1211 1698 1336 1788 Hiera).
1357 1697 1424 1786 Sed
1445 1720 1476 1762 v.
1494 1703 1538 1766 33

138 1805 139 1808 ’
225 1805 329 1871 «vivo
344 1827 419 1896 eqo,
437 1803 523 1870 dicit
539 1802 703 1870 Dominus
723 1805 823 1883 Deus,
840 1805 1004 1893 paeoniam
1022 1805 1058 1870 in
1078 1827 1184 1871 mareu
1195 1807 1283 1895 sorti
1300 1818 1332 1872 et
1351 1804 1387 1870 in
1405 1802 1542 1870 brachio

220 1923 352 1980 extento
363 1911 440 1977 ctio
446 1912 565 1999 surore
576 1910 682 2000 assesso
694 1909 840 2000 sapaudo
850 1933 953 2000 saper
962 1934 1018 1978 ros
1032 1939 1048 1972 »
1061 1934 1069 1994 ;
1081 1933 1239 1978 -mauu
1254 1913 1332 1979 forti
1343 1916 1377 1977 et
1394 1909 1539 1977 brachio

220 2024 352 2086 extento
371 2023 458 2085 Deus
478 2022 627 2108 patrasse
648 2015 774 2083 dicitur
795 2020 953 2106 portenta
967 2019 1005 2083 in
1020 2023 1176 2108 Aegypto
1193 2018 1320 2107 quibus
1333 2017 1504 2108 populum
1522 2039 1544 2082 a

219 2125 380 2193 servitute
391 2123 536 2192 redemit
549 2128 607 2191 Ex.
620 2129 694 2204 6,1;
712 2130 802 2205 13,3.
821 2127 1187 2208 a;1a‚8.1teut.6,rt;
1204 2129 1274 2210 7,8.
1293 2130 1352 2206 193
1370 2129 1450 2208 936
1461 2128 1540 2202 atc.;

218 2231 288 2299 iam
302 2230 448 2298 eandem
464 2229 653 2321 potentiam
668 2251 746 2296 cum
765 2230 882 2296 furore
896 2227 1111 2297 coniunctam
1124 2229 1322 2312 adhibebit,
1343 2233 1382 2297 ut
1397 2229 1542 2296 rebelles

216 2338 262 2408 ad
284 2359 381 2409 suam
402 2336 547 2407 redueat
568 2335 817 2416 obedientiam
843 2365 857 2397 α
879 2359 949 2403 non
969 2358 1028 2403 vos
1046 2336 1243 2428 relinquam
1263 2358 1375 2426 neque
1390 2343 1543 2403 conmm-

214 2465 313 2526 nam,
331 2449 368 2510 ut
383 2444 522 2530 fugaces
534 2463 648 2510 servos
662 2441 793 2510 domini
811 2442 1026 2530 negligentes
1038 2441 1147 2510 solent
1158 2449 1393 2526 contemnere,
1410 2441 1470 2509 sed
1494 2443 1541 2509 ad

217 2573 331 2619 meum
345 2551 518 2619 retraham
532 2550 716 2639 imperium
733 2553 766 2616 et
781 2548 923 2618 brachio
937 2555 1071 2620 extento
1082 2573 1122 2617 ac
1136 2551 1351 2640 percutiente
1368 2571 1408 2616 ao
1424 2549 1541 2616 furore

217 2657 326 2727 effuso
344 2659 381 2726 in
401 2658 583 2749 pristinam
600 2679 658 2728 vos
678 2656 835 2745 redigam
850 2658 1051 2725 servitutem
1069 2662 1102 2725 et
1119 2657 1273 2745 regnabo
1290 2677 1393 2746 super
1412 2677 1487 2739 voa,
1504 2661 1544 2722 ut

217 2766 327 2835 velitis
341 2765 456 2834 nolitis
475 2786 530 2831 me
547 2765 706 2833 habeatis
726 2786 844 2852 regem
863 2770 897 2831 et
916 2766 1068 2832 sentiatis
1082 2786 1200 2852 regem
1219 2765 1347 2831 iratum
1363 2764 1458 2830 cuius
1476 2762 1544 2829 cle·

219 2873 381 2941 mentium
401 2872 597 2959 neglexistis
614 2898 630 2933 »
647 2872 695 2960 (S.
714 2871 838 2961 Hira).

263 2980 300 3048 ld
322 2984 438 3047 sertem
464 2978 632 3046 efficietur
662 2977 789 3045 iudicio
821 2984 854 3044 et
887 2978 1127 3064 castigatione;
1158 2978 1223 3069 ipsi
1256 2977 1376 3047 volunt
1406 3000 1476 3045 esse
1505 2982 1546 3043 ut

219 3094 354 3175 genteS,
376 3091 414 3154 ut
435 3086 548 3153 colant
564 3084 661 3170 ligna
680 3089 714 3150 et
731 3083 864 3174 lapides
884 3085 942 3174 (cl.
961 3088 1057 3152 Dent.
1082 3091 1177 3169 aa&
1196 3089 1311 3167 2836,
1332 3090 1396 3167 θὴς
1413 3083 1541 3172 ΞΜ),

220 3196 381 3262 Dominus
394 3197 508 3261 autem
525 3192 655 3257 animos
667 3213 788 3257 eorum
804 3190 848 3256 ab
863 3190 928 3258 ista
942 3192 1102 3258 societate
1117 3191 1240 3259 avellet
1249 3197 1283 3259 et
1291 3196 1396 3281 prout
1410 3188 1493 3257 olim
1507 3190 1545 3257 in

220 3298 352 3366 deserto
372 3298 539 3388 populum
564 3298 760 3383 castigavit,
782 3296 996 3381 emendavit,
1023 3303 1056 3364 et
1076 3298 1122 3365 ad
1146 3303 1275 3365 terram
1301 3295 1544 3387 possidendam

218 3404 450 3495 praeparavit,
471 3405 519 3471 ita
535 3424 628 3470 nunc
640 3424 777 3493 quoque
793 3409 871 3489 aget
886 3427 919 3469 v.
937 3410 979 3473 3'4
998 3433 1014 3464 o
1031 3417 1064 3471 et
1078 3404 1222 3471 educam
1237 3427 1294 3471 oos
1308 3404 1349 3471 de
1361 3402 1546 3494 pepulisset

219 3510 427 3601 conqrequbo
444 3534 502 3576 uos
515 3510 556 3577 de
574 3510 671 3576 terris
685 3509 721 3575 io
737 3510 857 3599 quibus
871 3509 1019 3601 dispersi
1035 3512 1130 3593 estr's,
1150 3512 1187 3577 io
1201 3534 1307 3577 manu
1321 3510 1437 3577 ualida
1457 3522 1491 3576 et
1507 3509 1547 3574 iu

220 3617 355 3685 bruchio
372 3628 503 3683 autento
519 3630 550 3682 et
565 3617 601 3683 in
609 3616 726 3707 furore
741 3618 851 3707 effuso
864 3616 1012 3707 regnabo
1025 3640 1127 3709 super
1140 3640 1211 3698 ooo,
1226 3640 1260 3685 v.
1274 3626 1315 3685 35
1331 3614 1543 3684 etaddocam

219 3746 280 3791 uos
295 3724 332 3791 in
347 3723 518 3791 desertum
527 3722 737 3815 populorum
753 3736 786 3789 et
800 3722 976 3790 z'adicabor
990 3724 1158 3791 oobz'scum
1174 3723 1320 3815 irrisorie
1336 3722 1385 3790 ad
1396 3723 1524 3814 sociem
1532 3741 1546 3804 ;

222 3854 256 3898 v.
280 3837 323 3899 3ss
338 3830 424 3897 sicu
440 3830 566 3897 iudicio
582 3830 742 3898 contendi
762 3829 941 3897 adtrersum
954 3844 1073 3921 potres
1091 3843 1216 3897 uestros
1235 3833 1272 3897 in
1289 3830 1416 3897 deserto
1435 3842 1546 3895 terrae

220 3938 385 4029 Aeqypti,
401 3936 449 4005 sic
466 3936 626 4004 abdicabo
646 3959 720 4020 ooo,
741 3937 825 4004 dicit
842 3938 1007 4005 Durnium
1026 3942 1117 4005 Deus
1138 3960 1172 4020 »3
1197 3976 1239 3988 -
1258 3940 1281 4004 i.
1305 3960 1337 4004 e.
1362 3959 1421 4003 vos
1440 3934 1545 4001 vultis

219 4046 309 4113 inter
322 4050 441 4133 gentes
456 4052 490 4111 et
508 4066 626 4113 eorum
643 4047 711 4111 ritu
733 4045 866 4124 vivere;
885 4043 922 4111 id
937 4066 1001 4132 ego
1013 4066 1082 4111 non
1095 4046 1311 4135 permittam,
1329 4042 1389 4111 sed
1402 4041 1548 4110 educam
1589 4038 1597 4047 ’

219 4174 279 4220 vos
303 4153 405 4242 (Mor.
429 4151 567 4241 Melet).
592 4156 629 4218 ln
648 4136 823 4219 desertum
845 4151 1054 4242 populorum
1075 4172 1131 4217 eos
1148 4151 1288 4218 adducit
1303 4151 1326 4219 i.
1348 4172 1379 4217 e.
1399 4154 1436 4215 ut
1449 4148 1545 4238 apud

222 4263 274 4326 Os.
293 4266 374 4343 2,tt
392 4282 400 4328 ε
416 4259 540 4328 ducam
556 4280 631 4324 eam
646 4259 682 4324 in
693 4257 912 4325 solitudinem
927 4263 960 4324 et
974 4257 1150 4347 loquarad
1161 4280 1220 4325 oor
1232 4258 1321 4340 eius3
1339 4258 1387 4324 ita
1401 4260 1545 4346 vocatur

221 4367 333 4455 ipsum
351 4367 523 4449 exsilium,
548 4364 715 4432 desertum
735 4364 809 4432 soil.
827 4366 904 4431 oum
930 4364 1097 4433 allusione
1116 4365 1162 4431 ad
1181 4364 1485 4431 commorationem
1504 4362 1543 4427 in

222 4471 355 4538 deserto
375 4496 443 4561 qua
459 4473 606 4564 populus
624 4470 668 4539 ad
682 4470 923 4561 possidendam
945 4478 1072 4541 terrant
1093 4470 1376 4561 praeparabatur,
1390 4468 1542 4559 popolo-

223 4600 300 4643 rum
315 4584 428 4645 autem
441 4580 523 4671 quia
537 4580 626 4645 inter
641 4580 771 4644 alienas
784 4579 940 4645 nationes
952 4576 1039 4644 illud
1056 4578 1211 4645 exsilium
1224 4580 1475 4664 transegerunt.
1491 4574 1545 4641 Ibi

222 4684 423 4775 dr'sceptobit
440 4686 597 4767 cumeis,
615 4685 664 4752 ibi
680 4706 807 4774 poenas
827 4689 955 4766 sumet,
978 4707 1035 4753 eos
1055 4683 1297 4774 reprehendet,
1316 4706 1375 4750 eos
1395 4680 1549 4767 corriget

221 4792 352 4858 inflicta
374 4793 610 4879 castigatione,
639 4792 725 4858 siout
750 4790 834 4858 olim
858 4791 895 4857 in
921 4791 1074 4875 deserto;
1099 4790 1203 4880 idque
1226 4790 1317 4880 socz'e
1338 4787 1548 4877 adfaciem,
