3509 5425
526 441 638 500 332
1607 437 1710 493 ΕΞ.
1759 433 1859 505 ΒΤ,
1911 433 2099 493 19-Ξὲ

526 601 590 653 et
621 585 794 653 esaan
826 609 938 649 aas
966 585 1238 673 pariter
1266 605 1418 649 suin
1462 581 1642 669 fagina
1686 581 1859 649 Iuda
1907 597 1971 649 rs
2003 581 2263 669 faciam
2291 605 2403 649 aas·
2435 585 2507 649 in
2551 585 2803 673 sse'ymme
2851 609 3067 653 :filimi
3115 605 3183 653 rs

526 705 722 761 crusii
754 717 962 757 :mesisti
994 693 1062 757 in
1106 713 1314 757 πιιειηιε
1362 689 1506 753 eins
1550 713 1614 769 ης
1666 729 1754 741 —··
1783 689 2051 773 lignum
2095 689 2199 753 rel
2247 697 2587 777 sceptrum
2631 693 2871 781 Ioseph
2911 705 3063 761 erat
3107 697 3175 761 iu

525 822 730 870 manu
770 801 1092 887 Ephraim
1126 797 1290 886 quia
1318 797 1490 862 hare·
1526 797 1742 862 tribus
1783 821 1859 862 ex
1903 797 2139 886 loseph
2183 801 2331 862 urta
2363 822 2523 886 prae
2571 797 2719 866 aliis
2767 809 2835 866 -et-
2879 826 3179 870 numeru

522 906 818 998 pellebat
850 906 1178 994 regiaque
1206 906 1542 990 {lignitate
1570 910 1851 970 etenum
1879 926 2123 970 numen
2151 906 2271 970 teti
2295 926 2511 990 regnu]
2547 906 2911 974 israelitico
2943 910 3179 998 impsu-

526 1018 758 1090 nehat;
794 1014 878 1078 [la
910 1034 1198 1078 numeru
1230 1010 1382 1074 vide
1410 1014 1530 1074 ius.
1574 1018 1799 1090 rma.
1835 1018 1860 1074 1
1903 1014 2047 1074 Par.
2095 1018 2323 1090 fflfifflz
2355 1010 2559 1102 primi
2591 1034 2787 1098 reges
2819 1014 3175 1082 israelitici

522 1130 714 1186 erant
750 1142 826 1186 ex
866 1118 1050 1186 trihu
1090 1118 1414 1206 Ephraim
1446 1118 1848 1206 {Ierubnanh
1891 1118 2151 1202 Nadab)
2183 1122 2251 1182 et
2287 1118 2559 1182 numine
2591 1122 2915 1206 Ephraim
2951 1126 3179 1186 totum

526 1250 818 1314 regnum
854 1226 1198 1310 designari
1234 1246 1430 1314 saepe·
1462 1222 1714 1290 solebat
1754 1230 1831 1286 [a.
1871 1230 2007 1302 ΤΕ.
2051 1234 2115 1290 5.
2163 1230 2227 1290 Β,
2265 1226 2367 1290 ΟΞ.
2415 1234 2607 1302 mi:
2647 1234 2791 1306 &33
2847 1234 2991 1306 1:251
3035 1238 3171 1294 etc*

526 1342 690 1402 [leus
730 1354 942 1398 unuin
974 1330 1222 1398 efficiet
1250 1330 1582 1418 pupulum
1614 1330 1891 1394 dissidia
1923 1330 2191 1394 sublato
2223 1338 2287 1396 et
2319 1330 2411 1394 ita
2431 1330 2711 1418 quidem
2739 1340 2815 1398 ut
2847 1334 2915 1398 in
2955 1358 3175 1402 manu

526 1442 690 1506 luda
718 1442 766 1506 i.
801 1462 856 1506 e.
894 1438 1018 1502 suh
1058 1438 1262 1502 dunin
1294 1434 1501 1502 liaris]
1542 1438 1883 1502 uniantur.
1923 1438 2151 1502 [tariiti
2185 1438 2367 1502 enim
2419 1458 2711 1522 regnum
2751 1446 3171 1526 perpetuum

522 1554 666 1614 erat
698 1546 1098 1635 premissum
1126 1570 1138 1626 3
1170 1542 1458 1610 [latentis]
1482 1566 1522 1610 a
1554 1542 1759 1606 dun-m
1791 1542 1999 1610 [iavit-l
2035 1550 2179 1606 erat
2207 1544 2407 1606 simul
2439 1542 2727 1610 defectiu
2755 1570 2795 1610 a
2827 1550 2959 1610 Heu
2995 1550 3175 1610 eius-

521 1674 657 1743 que
700 1673 860 1717 vero
902 1650 1124 1728 cultu3
1176 1648 1358 1714 unde
1398 1647 1483 1714 ad
1526 1646 1962 1714 efficiendam
2003 1648 2457 1715 theocratiam
2495 1648 2581 1715 ad
2625 1648 2909 1716 domum
2951 1650 3174 1717 David

521 1761 568 1825 i.
618 1781 678 1825 e.
713 1758 799 1824 ad
830 1778 1120 1843 regnum
1150 1754 1319 1822 luda
1347 1760 1540 1821 erant
1577 1753 1989 1835 reducendi;
2029 1775 2189 1820 nam
2218 1760 2563 1843 pastorem
2600 1777 2839 1838 unum,
2884 1779 3171 1824 servum

521 1865 734 1932 David
761 1864 844 1930 iis
880 1868 1052 1930 Deus
1080 1861 1430 1928 suscitabit
1460 1865 1690 1941 3ῐι,23.
1738 1865 1813 1926 111
1857 1865 2041 1927 textu
2081 1861 2279 1927 hebr.
2320 1860 2579 1948 legitur
2619 1862 2692 1927 in
2727 1884 2936 1928 manu
2959 1885 3165 1944 mea,

520 1974 617 2038 ita
643 1976 718 2038 ut
746 1973 890 2061 ipse
921 1969 1242 2037 Dominus
1266 1972 1502 2034 auctor
1533 1971 1597 2033 et
1622 1966 1900 2036 effector
1931 1968 2215 2033 unitatis
2244 1965 2534 2035 dicatur.
2570 1968 2763 2059 Apud
2788 1972 2943 2034 LXX
2970 1969 3164 2055 legi-

519 2088 632 2146 tur
655 2079 727 2144 z'n
756 2100 967 2144 manu
993 2074 1208 2142 Iudae
1219 2095 1248 2158 ;
1277 2073 1458 2141 idem
1497 2073 1792 2140 habetur
1827 2074 1899 2138 in
1933 2072 2118 2162 valq.
2164 2074 2237 2139 in
2278 2095 2483 2141 manu
2522 2076 2691 2158 eius,
2733 2097 2903 2165 quae
2945 2075 3164 2143 lectio

518 2200 652 2251 57³2
690 2185 898 2251 etiam
925 2184 998 2249 in
1040 2204 1176 2247 uno
1207 2181 1508 2249 alterove
1540 2179 1774 2246 codice
1812 2179 2009 2247 hebr.
2046 2179 2411 2246 invenitur.
2456 2184 2623 2247 Cum
2662 2182 2735 2248 in
2765 2180 3036 2272 subseq.
3069 2182 3164 2248 de

470 2333 476 2338 =
519 2315 682 2379 rege
713 2314 791 2358 ex
829 2290 995 2357 luda
1024 2289 1144 2378 qui
1173 2288 1502 2354 unitatem
1543 2287 1792 2353 efficiat
1831 2308 2053 2353 sermo
2094 2286 2484 2370 inducatur,
2518 2287 2717 2355 lectio
2755 2288 2925 2355 haec
2952 2289 3168 2385 plane

520 2405 680 2490 apta
702 2403 820 2465 est.
855 2396 1157 2486 Explicat
1185 2392 1425 2463 Chald.
1463 2414 1690 2460 coram
1717 2414 1851 2459 me.
1878 2392 2084 2478 Virga
2115 2393 2463 2481 Ephraim,
2503 2400 2579 2461 ut
2608 2399 2799 2461 notat
2827 2397 2902 2463 S.
2934 2395 3163 2478 Hieta,

520 2507 832 2591 iungitur
870 2503 1105 2588 virgae
1142 2501 1330 2584 luda,
1380 2509 1455 2565 ut
1495 2521 1933 2589 nequaquam
1970 2504 2254 2566 vocetur
2285 2498 2450 2568 luda
2493 2507 2560 2567 et
2609 2501 2836 2581 lsrael,
2874 2501 2993 2567 sed
3023 2524 3174 2569 uno

519 2613 793 2680 nomine
833 2610 1263 2701 appellentur
1307 2607 1492 2674 Iuda.
1528 2611 1745 2695 Atque
1786 2627 2048 2692 revera·
2073 2607 2195 2695 qui
2235 2606 2588 2674 redierunt
2623 2629 2703 2674 ex
2740 2608 2972 2674 exsilio
3020 2610 3164 2675 iam

520 2715 868 2787 communi
905 2716 1234 2784 vocabulo
1275 2714 1505 2782 ludaei
1545 2711 1968 2780 vocabantur
2008 2714 2257 2780 omisso
2297 2713 2689 2781 discrimine
2719 2719 2788 2781 et
2832 2715 3165 2782 varietate

518 2827 847 2894 tribuum.

609 2937 1035 3022 Quantopere
1071 2930 1240 2996 haec
1271 2928 1496 2994 unitas
1517 2927 1588 2992 in
1617 2927 1838 3016 pretio
1867 2926 2187 2993 habenda
2210 2926 2318 3010 sit,
2349 2926 2661 3015 symbolo
2694 2929 3010 2996 omnibus
3036 2953 3164 3019 pa-

514 3044 653 3109 lam
691 3041 1036 3131 proposito
1073 3042 1140 3103 et
1176 3034 1452 3102 oraculo
1488 3033 1879 3100 declaratur
1911 3056 1978 3099 v,
2018 3038 2106 3099 20
2150 3059 2183 3096 «
2225 3045 2429 3100 erunt
2461 3045 2688 3101 autem
2728 3034 2918 3124 liqna
2953 3058 3169 3126 super

516 3170 692 3239 quae
715 3144 1057 3236 scripseris
1078 3143 1151 3209 in
1173 3163 1383 3209 manu
1410 3152 1528 3206 cua
1553 3140 1627 3206 in
1655 3139 1872 3207 oculis
1900 3161 2159 3219 eorum,
2183 3161 2252 3208 v,
2286 3147 2361 3206 21
2404 3151 2472 3206 et
2496 3139 2675 3207 dices
2702 3140 2799 3209 ad
2813 3164 2923 3209 eos
2942 3165 2965 3209 .·
2984 3143 3165 3210 haec

514 3256 680 3323 dz‘cz't
707 3254 1038 3321 Dominus
1062 3254 1239 3316 Deus
1265 3270 1289 3315 .·
1315 3269 1466 3313 ecce
1495 3269 1617 3337 eqo
1647 3268 1988 3313 assumam
2014 3246 2195 3335 filios
2213 3247 2432 3315 Israel
2447 3245 2527 3313 de
2551 3247 2773 3315 medio
2792 3248 3160 3316 nationum

514 3365 610 3431 ad
634 3385 803 3453 quas
830 3359 1142 3427 abiemnt
1171 3369 1237 3422 et
1260 3353 1674 3444 conqreqabo
1695 3375 1806 3419 eos
1836 3353 2133 3442 undique
2161 3365 2229 3420 et
2254 3352 2592 3420 adducam
2619 3377 2726 3422 eos
2749 3355 2847 3423 ad
2867 3356 3161 3423 humum

514 3493 710 3536 suam
741 3491 809 3535 V.
835 3474 920 3533 22
950 3478 1015 3532 ec
1038 3465 1297 3554 faciam
1324 3484 1431 3527 eos
1456 3461 1528 3526 in
1553 3472 1818 3550 qentem
1842 3482 2054 3525 unam
2074 3461 2146 3526 in
2177 3471 2357 3527 terra
2389 3462 2462 3526 in
2486 3460 2825 3529 montibus
2852 3463 3075 3530 Israel
3090 3476 3164 3530 et

515 3601 636 3645 reoe
674 3597 849 3642 umes
877 3572 1003 3639 em't
1032 3568 1338 3637 omnibus
1362 3568 1702 3658 imperans
1740 3580 1807 3633 et
1835 3589 1972 3633 non
2002 3579 2204 3633 erunt
2229 3567 2413 3634 ultra
2442 3566 2618 3635 duae
2641 3579 2867 3659 qentes
2902 3592 3025 3637 nec
3053 3569 3164 3636 (1ιὲ

514 3683 828 3752 videntur
856 3679 1152 3769 amplius
1179 3675 1414 3743 induo
1452 3696 1661 3765 reqna
1706 3698 1777 3759 »5
1819 3713 1910 3724 —
1945 3674 2031 3741 cf.
2071 3679 2300 3752 36,2Ιι.
2349 3674 2747 3764 Exemplum
2779 3677 2896 3743 hic
2935 3676 3164 3744 habe-

515 3814 668 3860 mus
695 3789 980 3869 illustre,
1022 3783 1363 3876 quomodo
1391 3781 1736 3860 inchoatio
1763 3781 1871 3847 vel
1906 3780 2342 3871 praeparatio
2377 3781 2885 3849 instaurationis
2910 3786 2975 3848 et
3006 3785 3163 3850 eius

511 3899 838 3992 perfectio
876 3893 1272 3962 messianica
1301 3911 1440 3956 uno
1471 3888 1828 3977 complexu
1855 3891 2355 3977 proponantur.
2379 3891 2547 3953 Nam
2573 3889 2645 3956 in
2676 3912 2739 3955 v.
2773 3895 2856 3956 21
2892 3885 3163 3966 reditus

511 4005 934 4098 praedicitur
958 4024 1035 4066 ex
1054 3997 1285 4065 exsilio
1304 4052 1318 4080 ,
1354 3997 1464 4063 cui
1501 3994 1900 4061 immediate
1933 3998 2202 4084 tempus
2223 3993 2666 4081 subiungitur
2695 3996 3151 4077 messianum;

512 4121 612 4183 est
631 4114 820 4182 enim
864 4131 978 4176 rex
1005 4107 1119 4173 ille
1146 4126 1321 4171 unus
1349 4102 1666 4169 omnibus
1701 4102 2070 4191 imperanS,
2107 4101 2208 4167 uti
2235 4122 2316 4166 ex
2350 4124 2417 4168 v,
2456 4106 2540 4168 24
2574 4105 2638 4168 et
2668 4124 2747 4168 ex
2776 4109 2978 4186 3433
3010 4103 3162 4169 elu-

512 4228 636 4305 cet,
681 4242 880 4288 nemo
906 4216 1078 4282 alius
1110 4212 1240 4280 nisi
1279 4212 1421 4299 ipse
1453 4209 1717 4275 Messias
1759 4208 1873 4296 (cf.
1919 4213 2000 4275 1s.
2048 4213 2197 4291 9,6;
2249 4214 2433 4287 11,1.
2472 4211 2600 4276 ler.
2643 4213 2838 4291 23,5;
2883 4210 3154 4296 33,¹5).

513 4334 852 4409 Quantum
877 4344 1040 4389 vero
1066 4320 1328 4385 bonum
1365 4316 1438 4381 in
1484 4336 1565 4381 ea
1602 4315 1864 4381 unitate
1917 4316 2122 4382 situm
2161 4315 2268 4395 sit,
2306 4315 2596 4417 repetita
2630 4315 2775 4381 eius
2803 4315 3159 4382 mentione

513 4434 888 4503 ostenditur
917 4436 982 4495 et
1029 4422 1551 4493 commendatur
1597 4444 1675 4488 eo
1713 4420 1900 4510 quod
1949 4422 2095 4510 ipse
2124 4424 2294 4487 Deus
2323 4442 2391 4487 se
2425 4421 2568 4486 eius
2614 4426 2965 4489 auctorem
3002 4423 3158 4490 fore

517 4542 782 4631 saepius
808 4537 999 4604 effert
1029 4538 1094 4601 et
1116 4532 1443 4598 unitatem
1465 4528 1656 4596 illam
1680 4528 2066 4594 conservari
2085 4527 2385 4594 affirmat
2410 4549 2536 4616 per
2560 4529 2863 4596 Messiam
2881 4549 3151 4616 regem.

515 4642 1098 4730 Quemadmodum
1139 4659 1314 4707 unus
1352 4636 1575 4702 solum
1619 4635 1870 4700 exsistit
1909 4635 2171 4701 Messias
2222 4638 2288 4700 et
2323 4635 2642 4719 salvator,
2690 4635 2787 4702 ita
2831 4636 2953 4724 qui
3003 4638 3159 4706 eius

513 4758 745 4828 salutis
771 4752 1012 4819 volunt
1039 4768 1178 4813 esse
1232 4748 1573 4811 consortes
1611 4742 1937 4808 unionem
1976 4741 2156 4809 inter
2183 4763 2252 4807 se
2290 4762 2553 4808 sacram
2580 4746 2850 4810 servent
2876 4763 3161 4811 necesse

513 4871 637 4935 est.
669 4867 884 4950 Atque
921 4875 1159 4923 revera
1196 4851 1498 4918 Christus
1533 4850 1927 4937 precatione
1966 4848 2235 4914 ardenti
2273 4847 2452 4917 hanc
2485 4870 2608 4939 pro
2637 4849 2774 4916 suis
2819 4849 3159 4917 unionem
