3509 5425
510 442 626 500 :513
1654 440 1754 496 ΕΞ.
1807 436 1987 496 4quss

510 588 778 652 visimus
818 608 894 652 ea
938 592 1034 648 est
1074 584 1474 648 instauratis:
1514 584 1598 648 de
1650 608 1783 672 qua
1815 592 2015 652 antea
2059 592 2243 648 vates
2287 584 2547 648 locutus
2583 588 2707 648 est.
2751 584 2936 648 Hisce
2967 584 3135 648 duo*

506 696 630 761 lius
654 716 830 781 qnae
870 696 1014 781 ipsu
1042 692 1218 757 lihru
1250 692 1610 757 Ezechielis
1642 692 2063 757 consideratu
2099 696 2163 757 et
2191 692 2339 757 eius
2379 688 2615 757 ordine
2655 712 2991 777 perpenso
3023 712 3139 753 nn-

506 801 610 865 his
657 801 1126 889 imponuntur,
1174 801 1310 865 ian]
1358 801 1835 889 praefiguntur
1883 801 2235 889 interpreti
2295 797 2455 861 certi
2519 797 2799 885 quidam
2851 797 3133 873 limites*

506 909 618 973 set]
662 905 862 973 sinin}
890 905 1090 969 etiam
1130 905 1306 969 faces
1338 905 1398 969 ei
1438 909 1919 993 praeferunt-ur
1959 909 2211 993 quilius
2243 905 2563 969 tenebrae
2611 901 2767 969 illae
2799 925 2975 989 quas
3027 925 3135 965 're-

506 1016 630 1077 luli
682 1013 1062 1077 cinnum-iaz
1114 1013 1274 1077 huic
1322 1013 1558 1077 visioni
1614 1037 1754 1077 esse
1811 1013 2055 1077 offusas
2099 1013 2295 1077 multi
2347 1017 2867 1097 conqueruntur
2915 1009 3143 1097 aliqua

506 1121 765 1185 {attinnt}
798 1117 1264 1209 dispellantur.
1314 1121 1470 1181 nim*
1518 1117 1750 1205 aliqua
1799 1121 2091 1197 ratiune3
2139 1141 2297 1181 narn
2347 1117 2515 1205 quid
2563 1117 2823 1181 visione
2867 1137 3143 1205 reprae—

506 1233 894 1293 sentetur-*el-
934 1225 1018 1289 ud
1062 1225 1230 1313 quid
1270 1225 1582 1309 symbola
1622 1225 1742 1289 illa
1771 1225 2187 1309 dirigantur,
2223 1221 2607 1309 generatim
2651 1221 2875 1289 dicere
2907 1245 3143 1309 possu-

510 1357 690 1413 mus;
738 1341 802 1397 at
851 1333 1018 1421 quid
1062 1333 1330 1417 sae'nffnssu:
1368 1333 1494 1397 sibi
1534 1333 1746 1397 velint
1795 1337 1863 1393 et
1903 1333 1971 1397 in
2011 1337 2347 1421 quantum
2391 1329 2703 1417 symbola
2743 1329 3015 1413 singula
3047 1349 3147 1393 rus

505 1441 771 1504 futuras
795 1441 1202 1524 significent,
1242 1437 1409 1525 quid
1438 1437 1749 1522 singulae
1777 1445 2006 1525 partes
2036 1437 2354 1514 aedificii,
2388 1437 2645 1520 singuli
2674 1437 2973 1514 numeri,
3014 1433 3151 1499 ‹lis-

508 1544 876 1635 positiones
903 1543 1059 1610 illae
1094 1566 1174 1610 ac
1206 1544 1394 1629 leges
1430 1542 1842 1633 portendant
1874 1542 1982 1609 vel
2009 1562 2178 1607 num
2212 1545 2472 1608 certum
2498 1539 2764 1629 aliquid
2791 1561 2869 1605 ac
2908 1537 3149 1605 defini·

506 1656 655 1717 tum
682 1649 1092 1739 portendant
1131 1655 1250 1716 aut
1287 1649 1509 1716 solum
1546 1650 1930 1714 inserviant
1968 1647 2057 1715 ad
2095 1648 2440 1714 notionem
2479 1645 2829 1735 quandam
2856 1667 3151 1731 genera-

508 1757 643 1824 lem
680 1757 974 1846 pietatis,
1023 1755 1416 1839 devotioniS,
1464 1756 1863 1836 sanctitatiS‚
1909 1754 2219 1842 obsequii
2253 1753 2468 1820 divini
2512 1758 2638 1819 etc.
2679 1751 3146 1842 exornandam

512 1869 578 1930 et
608 1864 993 1930 accuratius
1029 1860 1575 1945 describendam,
1614 1883 1750 1927 non
1785 1863 1842 1927 is
1871 1883 2003 1948 ego
2041 1877 2191 1928 sum
2225 1861 2346 1949 qui
2384 1861 2514 1926 hoc
2544 1860 2885 1948 explicare
2923 1880 3002 1925 ac
3030 1857 3155 1924 de-

510 1990 797 2036 cernere
826 1967 1116 2035 audeam
1153 1991 1376 2057 neque
1405 1969 1770 2057 quisquam
1810 1967 2140 2034 hactenus
2185 1964 2257 2032 id
2288 1966 2622 2056 praestitit
2649 1987 2729 2030 eo
2780 1963 2982 2031 modo
3029 1966 3153 2052 qui

512 2077 720 2166 possit
747 2076 1050 2165 probari.
1093 2080 1310 2153 Quare
1338 2073 1577 2141 eadem
1605 2074 1705 2140 rei
1736 2072 2105 2141 difficultas
2136 2073 2221 2139 de
2251 2095 2386 2163 qua
2420 2095 2558 2139 non
2598 2071 2807 2138 semel
2837 2073 2917 2140 S.
2960 2071 3150 2137 Hier.

513 2188 923 2272 conquestus
964 2189 1087 2267 est,
1134 2183 1206 2247 in
1241 2181 1448 2248 huius
1484 2181 1763 2247 visionis
1802 2181 2290 2247 commentario
2333 2180 2542 2246 etiam
2584 2178 2792 2245 hodie
2838 2180 3155 2245 sentitur.

595 2389 856 2448 Librum
894 2387 1307 2448 undecimum
1353 2385 1957 2453 commentariorum
2000 2386 2067 2446 in
2113 2388 2212 2446 ΕΖ.
2241 2385 2319 2446 ad
2356 2386 2549 2447 finem
2589 2401 2726 2462 cap.
2753 2385 2831 2444 39
2866 2383 3166 2462 perduxit

514 2488 578 2548 S.
603 2484 780 2546 Hier.
808 2485 1029 2563 ibique
1054 2485 1259 2545 voluit
1289 2485 1544 2558 sistere;
1569 2485 1658 2543 ita
1683 2484 1856 2544 enim
1881 2483 2242 2545 concludit:
2271 2505 2301 2538 «
2320 2483 2649 2560 hucusque
2668 2482 2735 2542 in
2759 2481 3167 2542 Ezechielem

517 2583 892 2663 prophetam
921 2585 1052 2643 Deo
1083 2586 1152 2643 ut
1181 2587 1476 2660 optamus
1508 2587 1572 2642 et
1600 2581 1919 2643 credimus
1948 2580 2287 2641 auxiliante
2319 2584 2384 2641 et
2406 2580 2736 2658 aperiente
2770 2597 2841 2639 os
2873 2583 3167 2639 nostrum

520 2681 717 2744 locuti
745 2698 963 2742 sumus
981 2728 995 2754 ‚
1022 2698 1149 2741 non
1176 2679 1445 2749 aliorum
1469 2680 1520 2740 si
1545 2679 1655 2758 qui
1686 2679 2074 2759 scripserunt
2099 2679 2196 2740 vel
2224 2678 2554 2757 deincepS,
2581 2677 2630 2738 si
2655 2677 2958 2756 scripturi
2988 2682 3159 2748 sunt,

520 2779 904 2840 sententiam
944 2778 1342 2839 destruentes
1378 2777 1487 2838 sed
1518 2782 1874 2838 asserentes
1907 2778 2391 2856 qualiacumque
2427 2780 2575 2838 sunt
2613 2780 2846 2836 nostra.
2887 2776 2952 2835 In
2989 2775 3162 2834 aedi-

519 2877 810 2937 ficatione
839 2881 1055 2938 autem
1081 2876 1301 2954 templi
1333 2880 1396 2937 et
1422 2875 1643 2936 ordine
1672 2875 2072 2936 sacerdotum
2103 2879 2432 2952 terraeque
2464 2877 2715 2934 sanctae
2746 2871 3062 2932 divisione
3097 2876 3161 2930 et

521 2974 782 3035 flumine
811 2974 1173 3053 egrediente
1206 2974 1284 3034 de
1315 2975 1554 3051 templo
1584 2973 1745 3034 etde
1771 2973 2103 3034 arboribus
2128 2991 2201 3032 ex
2228 2976 2492 3049 utraque
2517 2971 2657 3049 ripa
2683 2987 2932 3048 semper
2953 2969 3165 3028 viren-

520 3074 690 3134 tibus
720 3076 784 3133 et
808 3090 922 3150 per
950 3072 1233 3150 singulos
1263 3088 1513 3132 menses
1538 3070 1949 3131 afferentibus
1971 3071 2245 3131 fructum
2274 3073 2336 3131 et
2361 3068 2628 3147 reliquis
2659 3084 2821 3146 quae
2844 3082 3043 3143 usque
3077 3066 3164 3127 ad

522 3172 714 3231 finem
770 3169 1142 3248 prophetico
1193 3169 1515 3229 volumine
1569 3169 1993 3241 continentur,
2041 3172 2256 3246 aperte
2309 3167 2699 3245 imperitiam
2757 3166 3161 3235 confitemur,

523 3269 753 3328 melius
781 3267 1161 3328 arbitrantes
1192 3267 1446 3327 interim
1477 3265 1636 3326 nihil
1663 3283 1852 3344 quam
1882 3283 2105 3345 parum
2136 3265 2348 3326 dicere
2379 3288 2433 3324 ».
2460 3268 2539 3324 At
2558 3281 2706 3325 mox
2729 3263 2922 3324 cessit
2946 3267 3163 3323 tamen

524 3366 817 3444 petitioni
850 3364 1193 3439 Eustochii‚
1228 3365 1322 3425 uti
1349 3366 1413 3423 in
1445 3365 1628 3424 initio
1659 3364 1806 3425 libri
1833 3363 2201 3424 duodecimi
2232 3367 2461 3433 narrat,
2493 3380 2656 3441 quae
2687 3361 3163 3423 excusationem

525 3463 661 3524 eius
690 3464 876 3523 vertit
901 3462 967 3521 in
1014 3463 1399 3523 contrarium
1439 3462 1672 3523 referre
1717 3465 1949 3539 putans
1996 3462 2222 3522 saltem
2271 3478 2496 3539 parum
2542 3476 2730 3538 quam
2759 3458 2919 3519 nihil
2950 3458 3166 3518 dicere

525 3564 588 3621 et
613 3577 1117 3623 commemorans
1149 3577 1287 3620 eam
1325 3577 1464 3620 esse
1499 3565 1789 3619 naturam
1823 3557 2189 3630 hominum,
2224 3562 2293 3619 ut
2322 3576 2449 3618 non
2477 3561 2724 3619 tantam
2751 3556 3025 3635 gratiam
3060 3555 3172 3616 ha·

527 3657 716 3717 beant
739 3674 852 3733 pro
883 3657 981 3715 his
1013 3674 1171 3733 quae
1203 3657 1348 3734 quis
1375 3656 1670 3717 tribuerit
1699 3660 2004 3734 quantum
2036 3656 2322 3717 dolorem
2354 3672 2549 3735 super
2579 3655 2678 3715 his
2704 3671 2861 3732 quae
2892 3671 3169 3732 negave-

526 3753 632 3814 rit.
660 3753 784 3814 Sed
810 3758 1025 3832 aperte
1053 3754 1282 3814 fatetur
1311 3772 1324 3813 :
1364 3778 1393 3808 α
1423 3754 1581 3816 illud
1616 3754 1681 3813 in
1708 3753 2150 3833 explanatione
2182 3753 2407 3832 templi
2439 3756 2572 3814 tota
2596 3752 2892 3813 libertate
2920 3751 3171 3812 denun—

528 3851 619 3911 tio
665 3851 884 3913 lectori
925 3850 1292 3922 fastidioso,
1323 3857 1393 3912 ut
1436 3853 1488 3911 si
1539 3852 1870 3912 veritatem
1897 3851 2212 3912 desiderat
2241 3855 2672 3937 quaeratleam
2704 3850 2781 3909 ab
2820 3849 2959 3909 aliis
2996 3873 3051 3910 ».
3090 3850 3176 3908 Et

525 3949 761 4010 librum
792 3950 1112 4011 decimum
1143 3953 1438 4026 quartum
1469 3949 1576 4029 (ad
1624 3952 1809 4021 45,10
1846 3947 2005 4028 seq.)
2050 3949 2277 4027 incipit
2316 3950 2393 4009 ab
2436 3947 2547 4009 illo
2578 3947 2891 4008 versiculo
2927 3964 2943 4007 :
2988 3970 3018 4001 α
3063 3944 3174 4006 hic

527 4048 709 4109 labor
730 4048 837 4108 ille
864 4047 1092 4109 domus
1117 4053 1181 4107 et
1199 4046 1656 4108 inextricabilis
1687 4064 1864 4109 error
1890 4081 1969 4090 —
2000 4047 2076 4107 de
2103 4064 2227 4124 quo
2258 4051 2322 4107 et
2350 4047 2414 4106 in
2450 4046 2575 4106 alio
2603 4046 2739 4106 loco
2770 4044 2944 4107 idem
2978 4050 3176 4124 poeta

530 4144 878 4224 (Virgilius)
911 4145 1208 4206 decantat
1236 4152 1254 4205 ⁴:
1336 4152 1344 4157 '

1165 4322 1230 4368 ut
1255 4311 1537 4384 quondam
1567 4314 1731 4369 Creta
1762 4312 1938 4368 fertur
1963 4309 2321 4383 labyrinthus
2344 4311 2456 4368 alta

1167 4402 1470 4474 parietibus
1495 4410 1709 4457 textum
1737 4401 1917 4458 caecis
1944 4402 2051 4456 iter
2078 4400 2516 4472 ancipitemque!

1168 4492 1319 4547 mille
1347 4489 1448 4546 viis
1476 4490 1733 4547 habuisse
1764 4488 1956 4546 dolum
1985 4506 2095 4563 qua
2122 4490 2280 4562 signa
2308 4487 2574 4561 sequendi

1169 4580 1384 4636 falleret
1407 4577 1775 4651 indeprensus
1805 4588 1861 4635 et
1886 4578 2256 4636 irremeabilis
2284 4594 2459 4646 error,

538 4742 624 4802 ita
656 4744 720 4801 et
748 4757 863 4819 ego
904 4739 1166 4802 istarum
1208 4741 1675 4820 Scripturarum
1724 4741 2046 4819 ingressus
2083 4758 2388 4801 oceanum
2426 4743 2488 4799 et
2530 4737 2986 4817 mysteriorum
3016 4739 3174 4811 Dei,

531 4844 601 4900 ut
649 4839 742 4900 sic
787 4839 1029 4916 loquar,
1073 4838 1533 4915 labyrinthum,
1579 4839 1925 4918 perfectam
1973 4839 2233 4917 quidem
2289 4838 2619 4899 scientiam
2665 4836 2953 4901 veritatis
3007 4836 3178 4897 mihi
