3509 5425
181 431 220 492 90
748 433 799 490 Dz.
825 433 855 506 8,
881 434 936 492 l-3

154 563 157 570 ’
182 584 272 648 Hats.
299 581 454 671 aliique),
478 601 588 669 neque
607 579 679 646 dies
695 587 736 648 to
752 582 820 647 iam
835 583 1001 649 contineri
1016 583 1050 648 in
1073 580 1140 646 illis
1156 585 1220 646 390
1237 601 1321 670 opus
1338 582 1387 645 est
1408 599 1503 644 asse-

129 705 130 708 ’
180 709 267 770 rere,
286 693 323 754 ut
341 688 417 754 aliis
431 685 554 778 placet.
575 690 728 754 Ceterum
751 689 786 753 in
802 694 895 755 textu
913 709 1036 775 graeco
1052 688 1178 774 legitur
1200 686 1339 775 quintus
1361 685 1500 766 mensis,

179 815 283 882 quam
297 794 477 862 lectionem
495 795 532 861 G.
552 793 705 883 adoptat,
730 815 869 860 censens
890 818 968 862 cum
989 799 1063 863 Sm.
1078 798 1209 860 textum
1228 791 1325 858 hebr.
1347 791 1503 858 considto

180 922 249 967 esse
263 906 444 984 mutatum,
461 907 499 966 ut
516 899 588 966 dies
600 901 650 966 illi
670 906 734 990 390
749 901 819 968 iam
831 901 997 968 eltluxisse
1017 900 1228 968 viderentur.

223 1007 409 1096 Corripitur
421 1012 513 1074 vates
527 1029 632 1072 marcu
645 1007 725 1089 Dei;
737 1007 782 1073 cf.
800 1013 872 1090 1,3;
889 1013 986 1089 3223
1002 1007 1140 1074 «divini
1154 1005 1293 1096 spiritus
1312 1004 1502 1071 efficaciam

180 1118 277 1180 vocat
291 1135 432 1181 inanum
442 1113 499 1180 Dei
515 1142 529 1172 >³
545 1113 714 1203 (Tbeod.);
730 1115 865 1202 quaein
880 1135 1030 1203 quonam
1044 1113 1241 1193 constiterit,
1256 1110 1415 1177 subditur
1427 1133 1460 1178 v.
1480 1118 1503 1176 2

183 1251 196 1278 (ι
213 1232 246 1286 et
258 1220 330 1290 otili
341 1232 374 1286 ct
387 1243 463 1286 ecce
476 1220 663 1287 similitudo
675 1219 777 1310 perusi
790 1233 943 1310 aspectus
965 1221 1072 1311 ipius,
1087 1219 1129 1286 ab
1148 1232 1286 1309 aspectu
1305 1217 1502 1285 lumborum

179 1326 248 1394 citu
263 1339 295 1392 et
313 1326 466 1394 deorsum
480 1327 585 1416 ipati,
602 1339 635 1393 et
648 1351 669 1392 a
685 1326 807 1394 lrcmbis
823 1327 894 1394 circs
909 1339 941 1393 ct
955 1350 1091 1393 sursum
1103 1327 1205 1416 perusi
1218 1338 1374 1417 aspectus
1387 1324 1442 1414 spl
1485 1362 1500 1373 -

179 1433 288 1514 «loris,
304 1445 342 1500 ut
356 1433 438 1500 visio
453 1434 597 1500 electri»
610 1453 617 1510 ;
632 1471 677 1484 -
689 1435 799 1500 cernit
808 1456 923 1500 coram
939 1419 974 1499 se
989 1431 1176 1520 fulgentem
1192 1433 1341 1500 hominis
1355 1431 1502 1520 speciem

180 1564 218 1608 ac
233 1541 382 1626 figuram
397 1563 486 1630 quae
500 1545 537 1607 ut
550 1539 640 1626 ignis
656 1541 811 1630 splendet
820 1541 867 1608 ita
882 1540 1037 1629 quidem,
1052 1545 1090 1606 ut
1099 1562 1178 1630 pars
1192 1540 1344 1629 corporis
1357 1561 1378 1603 a
1389 1537 1502 1627 capite

181 1647 225 1713 ad
241 1646 376 1713 lumbos
393 1669 501 1736 usque
523 1647 746 1715 eminentiore
766 1670 806 1714 ac
829 1647 1053 1737 praeclariore
1074 1647 1209 1733 fulgore
1230 1645 1393 1725 emineat;
1410 1649 1501 1710 ecte-

181 1776 259 1819 rum
276 1753 354 1819 vide
370 1760 465 1836 1273
485 1752 527 1820 de
548 1753 672 1821 electro
695 1754 737 1819 cl.
759 1760 827 1836 1‚t.
853 1758 931 1820 Lxx
954 1753 1121 1843 praebent
1137 1775 1145 1821 :
1162 1758 1196 1819 et
1215 1774 1293 1818 ecce
1314 1749 1503 1818 similitudo

180 1841 263 1942 riri,
278 1859 436 1926 alumbis
452 1862 525 1926 aius
546 1865 579 1926 et
599 1859 757 1928 deorsum
779 1861 886 1946 ignis3
907 1860 997 1927 unde
1012 1883 1074 1950 pro
1089 1861 1203 1950 priore
1217 1857 1270 1923 niu
1286 1862 1394 1924 textus
1412 1878 1500 1922 nius.

119 1977 127 2026 ζ
179 1967 338 2052 legerunt
352 1965 428 2041 aas,
445 1988 534 2056 quae
554 1966 655 2046 lectio
679 1966 913 2034 commendari
936 1966 1071 2033 videtur
1093 1967 1151 2054 (cl.
1177 1965 1349 2053 Hermu),
1366 1986 1410 2030 ne
1424 1961 1500 2030 scil.

180 2094 268 2163 quae
287 2073 414 2163 species
429 2073 484 2140 vel
503 2073 617 2160 figura
632 2073 663 2140 ei
682 2075 724 2140 sit
738 2073 871 2158 oblata,
892 2074 1003 2140 solum
1020 2096 1060 2140 ex
1076 2072 1295 2162 sequentibus
1311 2070 1424 2156 colligi
1443 2069 1504 2135 de·

181 2180 259 2246 beat
271 2186 304 2247 et
316 2185 354 2246 ut
367 2177 488 2247 modus
502 2180 664 2269 loquendi
678 2181 901 2247 inconcinnus
913 2185 1140 2247 removeatur.
1160 2184 1266 2256 Quam
1280 2175 1504 2244 benedixerit

181 2307 322 2352 anciram
342 2287 474 2353 Domini
495 2286 654 2354 cecidisse
672 2309 775 2376 super
793 2309 845 2368 se,
863 2287 964 2353 etiam
983 2285 1203 2376 sequentibus
1225 2285 1412 2351 illustratur
1428 2304 1461 2348 v.
1479 2289 1502 2349 3

184 2419 200 2454 «
215 2405 247 2459 ct
266 2395 384 2460 emissa
404 2393 590 2460 similitudo
610 2415 732 2460 munus
753 2393 976 2484 ‹piprcbemlit
993 2416 1046 2459 mc
1063 2393 1100 2459 iri
1119 2393 1275 2459 cilicinae
1295 2390 1415 2479 capitis
1432 2389 1505 2456 mei

182 2513 214 2566 et
232 2500 375 2567 clevavit
385 2523 438 2567 me
456 2501 595 2589 spiritus
607 2502 694 2568 litter
706 2513 832 2567 terrum
847 2513 881 2566 ct
895 2499 1026 2566 coelium
1045 2512 1078 2566 et
1091 2500 1237 2567 adclusit
1250 2521 1303 2565 me
1317 2497 1353 2564 la
1367 2500 1502 2564 lemasa-

183 2608 248 2672 lem
269 2607 305 2672 in
324 2607 448 2674 cisione
465 2607 528 2674 nei
552 2607 648 2676 iliata
670 2609 792 2674 ostium
814 2608 956 2674 interius·
974 2606 1068 2696 quod
1083 2604 1283 2696 respiciebat
1305 2604 1353 2671 ud
1370 2603 1504 2694 aquillo-

181 2736 258 2780 ucm
265 2766 277 2797 ‚
291 2713 352 2781 oti
362 2728 436 2781 erut
448 2726 614 2781 statutum
631 2715 761 2783 idolum
776 2716 842 2782 zeli
856 2715 904 2781 acl
910 2714 1170 2804 provocandum
1184 2712 1447 2780 aestuationem
1463 2733 1499 2792 »3

182 2861 225 2871 -
239 2821 337 2891 hebr.
363 2836 395 2888 ct
413 2820 563 2889 extendit
581 2824 731 2911 formum
751 2843 893 2905 mauris;
914 2850 931 2885 a
949 2820 1151 2910 videturque
1176 2842 1312 2903 manus,
1336 2824 1375 2885 ut
1392 2838 1501 2885 mem-

177 2928 282 2996 brum
308 2928 451 2995 humani
473 2930 625 3018 corporis
647 2935 748 3019 atque
772 2930 922 2995 consueti
947 2949 1167 3018 nequaquam
1190 2932 1317 2994 terreat
1339 2946 1417 2992 eum
1440 2924 1503 3012 qui

182 3036 363 3103 assumitur
378 3039 481 3125 atque
502 3036 838 3125 comprehenditur»
861 3036 913 3123 (S.
929 3036 1051 3123 Hice).
1075 3035 1240 3125 Spiritum
1261 3032 1430 3118 intellige,
1452 3031 1507 3097 uti

183 3149 273 3221 3,12,
292 3165 331 3209 eo
348 3148 461 3208 tamen
475 3142 682 3223 discrimine,
698 3148 735 3207 ut
748 3143 813 3208 hoo
827 3143 902 3209 loco
917 3143 982 3208 sibi
997 3143 1046 3208 ita
1059 3142 1172 3231 abripi
1187 3141 1298 3207 solum
1311 3138 1499 3216 videretur;

182 3270 278 3328 nam,
297 3249 416 3315 utiam
436 3247 667 3315 advertuntS.
683 3248 792 3336 Eplir.
811 3248 904 3314 Hier.
925 3248 1064 3332 Themi„
1089 3250 1125 3315 in
1144 3248 1271 3314 visione
1290 3247 1349 3313 Dei
1369 3246 1393 3312 i.
1414 3268 1443 3311 e.
1464 3245 1502 3310 in

182 3355 321 3443 spiritu,
343 3376 412 3419 non
432 3354 467 3419 in
487 3376 629 3444 corpore
650 3354 714 3420 luit
735 3355 916 3422 translatus
935 3356 970 3421 in
990 3356 1113 3422 urbem
1132 3376 1241 3443 neque
1261 3353 1369 3420 oculis
1391 3352 1504 3418 carnis

184 3462 428 3550 contemplatus
444 3467 507 3543 est,
525 3461 583 3527 sed
605 3460 699 3526 domi
718 3462 838 3528 sedens
860 3463 951 3529 inter
970 3463 1119 3528 seniores
1139 3459 1222 3527 luda
1240 3460 1332 3527 hanc
1346 3463 1504 3549 expertus
1567 3478 1573 3503 ¹

183 3573 232 3633 est
254 3568 436 3651 visionem,
459 3568 542 3635 dum
563 3568 701 3654 singula
719 3569 804 3635 aciei
825 3571 949 3635 mentis
965 3570 1037 3635 cius
1061 3566 1414 3657 repraesentabantur.
1436 3565 1501 3631 Ad·

183 3672 321 3740 ducitur
339 3680 452 3741 autem
472 3675 594 3764 spiritu
609 3674 652 3741 ad
668 3676 845 3742 introitum
860 3682 980 3765 portae
1002 3675 1079 3741 atrii
1096 3674 1268 3740 interioris
1287 3696 1374 3763 quae
1394 3673 1503 3761 respi-

183 3780 294 3847 ciebat
312 3782 521 3870 aquilonem,
545 3783 654 3868 igitur
676 3782 710 3847 in
729 3782 897 3872 templum
926 3782 970 3848 ad
994 3782 1119 3850 atrium
1137 3782 1292 3848 interius.
1321 3780 1435 3846 Cernit
1453 3778 1502 3843 ibi

183 3887 311 3954 idolum
327 3888 526 3955 collocatum
537 3889 591 3955 vel
603 3890 821 3955 simulacrum
832 3890 894 3956 zeli
910 3890 965 3956 vel
979 3888 1226 3970 aemulationis,
1241 3887 1333 3977 quod
1344 3888 1503 3952 itavoca·

183 4000 239 4061 tur
251 3996 332 4085 quia
345 3995 456 4062 zelum
475 4002 509 4061 et
525 3995 679 4063 furorem
699 3996 832 4062 Domini
852 4001 1030 4086 provocat;
1053 3999 1102 4061 est
1123 3996 1215 4062 enim
1233 3999 1319 4062 Deus
1333 3996 1394 4083 qui
1412 3992 1504 4059 solus

183 4102 377 4169 adorandus
389 4108 438 4169 est
451 4102 575 4168 zelotes
586 4102 657 4192 (Ex.
678 4102 769 4193 ⁶20,5)
785 4108 818 4169 et
829 4107 933 4191 prout
947 4104 1016 4168 iam
1031 4103 1069 4168 in
1083 4103 1217 4169 cantico
1232 4102 1348 4189 Moysis
1362 4100 1500 4181 dicitur,

181 4215 383 4296 provocatur
397 4209 441 4276 ad
451 4210 540 4276 iram
556 4213 589 4274 et
601 4210 755 4275 irritatur
774 4210 867 4276 cultu
886 4209 1098 4275 idololatrico
1112 4212 1219 4297 (Dent.
1238 4207 1374 4294 32,Dl);
1391 4205 1503 4273 zelum

182 4320 297 4381 autem
318 4323 350 4382 et
375 4316 638 4383 aemulationem
660 4321 916 4398 commemorat,
944 4316 1026 4404 quia
1049 4314 1184 4381 foedere
1209 4316 1293 4381 inito
1315 4314 1414 4405 plebs
1437 4318 1505 4378 Deo

182 4426 297 4487 sancta
316 4423 413 4511 quasi
434 4445 557 4512 sponsa
576 4423 709 4489 Domini
730 4421 978 4503 consideratur,
1003 4444 1091 4512 quae
1110 4422 1299 4488 fornicatur
1316 4427 1391 4510 post
1411 4418 1504 4485 idola

183 4528 277 4592 cultu
299 4528 468 4595 idolorum
493 4530 654 4612 admisso;
673 4552 779 4618 quare
803 4530 965 4594 Dominus
988 4529 1025 4594 in
1048 4529 1189 4595 modum
1207 4529 1321 4606 mariti
1335 4528 1452 4594 offensi
1467 4526 1503 4591 in

183 4633 378 4701 idololatras
396 4636 563 4725 zelotypia
582 4635 795 4716 accenditur3
817 4641 968 4701 ceterum
983 4635 1061 4702 vide
1081 4634 1123 4701 ad
1145 4640 1185 4701 ls.
1204 4641 1297 4715 57,8.
1314 4638 1367 4702 es.
1388 4636 1501 4710 litt.

184 4741 410 4809 Simulacrum
421 4741 592 4828 designari
606 4741 741 4809 videtur
751 4743 830 4808 Baal
843 4743 896 4808 vel
908 4747 1069 4824 Astartes,
1083 4741 1177 4830 quod
1187 4745 1350 4808 llanasses
1360 4742 1396 4807 in
1410 4745 1497 4805 tem-

183 4850 240 4939 plo
257 4848 483 4916 collocaverat
495 4850 528 4938 (t
544 4852 627 4935 Reg.
643 4849 750 4937 ilfi).
768 4848 804 4914 ld
819 4848 959 4937 quidem
972 4852 1089 4938 postea
1103 4869 1184 4915 sane
1204 4847 1248 4913 ab
1266 4848 1504 4937 ipsollanasse
