3509 5425
216 404 276 463 430
775 402 824 464 ΕΖ.
848 403 899 474 tl,
921 402 978 461 3-5

216 552 307 619 enim
328 552 465 633 dicitur,
482 554 521 617 ut
535 550 634 631 alibi,
657 562 689 616 et
705 550 894 617 introduxit
912 572 985 631 nee,
1011 550 1069 616 sed
1088 550 1199 616 solum
1221 551 1364 637 angelus
1381 550 1542 635 ingredi-

215 664 282 741 tur,
304 662 398 725 vates
412 679 455 723 ne
470 659 507 724 in
522 658 649 723 visione
669 656 809 747 quidem
826 659 862 725 in
881 662 1035 725 sanctum
1049 663 1241 723 sanctornm
1256 656 1462 737 admittitur,
1482 657 1544 723 sed

215 765 247 831 ei
261 788 294 831 v.
312 772 331 833 d
350 765 496 851 angelus
512 786 553 831 ex
566 763 670 851 adyto
685 787 769 831 voce
784 765 887 832 missa
900 764 1030 830 indicat
1045 786 1135 853 quae
1151 764 1195 828 sit
1209 785 1381 829 mensura.

201 928 207 957 “
257 954 392 1013 Textum
414 952 502 1011 hehr.
524 951 562 1013 de
584 952 752 1011 latitudine
765 956 874 1028 portae
893 968 974 1029 quae
992 951 1035 1010 sit
1052 954 1176 1028 septem
1198 950 1379 1010 cubitorum
1402 950 1546 1010 retinent

221 1048 324 1110 Troct'.
338 1047 485 1127 Ktiesotlr,
499 1048 584 1110 Scir.
601 1047 682 1108 Keil.
698 1048 930 1128 Verbaportam
942 1048 1175 1107 socraticorum
1190 1047 1370 1124 intelligunt
1384 1046 1424 1106 de
1439 1048 1548 1107 altitu-

218 1147 291 1207 dine
305 1151 424 1225 portae.
441 1145 502 1207 Sed
519 1146 679 1223 quomodo
695 1146 753 1206 hac
769 1146 891 1206 ratione
906 1145 1039 1205 latitudo
1057 1144 1144 1223 adyti
1158 1145 1271 1222 viginti
1286 1145 1472 1204 cubitorum
1484 1146 1544 1205 ha-

217 1244 340 1316 beatur,
357 1261 421 1304 non
439 1243 623 1321 explicatur,
638 1260 710 1303 cum
726 1244 828 1303 solum
838 1246 1064 1303 recenseantur
1078 1246 1185 1321 postes
1197 1241 1260 1302 duo
1271 1247 1302 1301 et
1313 1246 1405 1319 porta
1417 1248 1544 1319 septem

217 1342 406 1411 cubitorum,
420 1340 567 1418 ergot-t-
577 1344 596 1400 2
607 1339 645 1418 t-
660 1344 677 1398 't
691 1340 806 1399 cubita.
822 1342 931 1417 Neque
945 1338 1020 1401 huic
1028 1339 1166 1402 defectui
1177 1338 1355 1399 remedium
1370 1339 1500 1400 affertur
1514 1341 1544 1398 si

218 1443 342 1518 portam
359 1438 480 1498 duabus
494 1438 594 1497 valvis
608 1436 788 1497 cubitorum
803 1441 1009 1515 septenorum
1021 1438 1227 1498 constitutam
1238 1453 1308 1496 esse
1320 1436 1546 1509 dixeris3non-

219 1536 294 1596 dum
310 1536 395 1595 enim
418 1535 597 1596 officiuntur
608 1536 720 1613 viginti
742 1535 861 1595 cubita.
884 1534 1048 1612 Expositio
1069 1552 1163 1613 quam
1183 1535 1299 1611 Currey
1319 1534 1473 1612 proponit
1495 1541 1544 1593 est

219 1650 347 1711 prorsus
362 1636 469 1693 coacta
483 1648 586 1708 neque
604 1633 669 1693 ullo
684 1637 776 1711 pacto
797 1632 889 1693 docet
911 1619 1072 1709 quomodo
1086 1632 1127 1692 ad
1144 1631 1347 1693 latitudinem
1364 1631 1450 1709 adyti
1468 1650 1544 1710 per-

219 1732 364 1791 veniatur
381 1747 387 1787 :
407 1754 420 1784 n
438 1730 490 1790 the
506 1732 574 1789 first
588 1734 823 1791 measurement
838 1730 873 1790 os
885 1729 937 1790 the
951 1730 1030 1791 door
1041 1748 1107 1790 was
1122 1730 1204 1791 srom
1213 1735 1285 1808 post
1297 1733 1331 1789 to
1346 1736 1414 1805 post
1424 1730 1472 1789 sir
1489 1748 1545 1790 cu·

220 1829 293 1897 bits,
311 1827 372 1887 and
386 1827 440 1887 the
457 1828 575 1887 second
587 1833 837 1899 measurement,
855 1828 909 1888 the
922 1803 1051 1887 breodtd
1063 1828 1157 1887 otthe
1172 1826 1327 1887 doorwas
1344 1826 1398 1887 the
1409 1827 1543 1887 breadth

219 1924 316 1985 ottho
328 1925 431 1985 actual
447 1925 542 2001 dpors
558 1924 660 1985 which
677 1923 749 1985 shut
768 1926 803 1984 ot
817 1925 869 1985 the
891 1925 972 2002 Holy
987 1926 1022 1985 oi
1037 1924 1143 1984 Holies
1162 1926 1224 1985 and
1242 1924 1348 1985 which
1370 1942 1443 2003 may
1459 1925 1541 1985 have

220 2024 300 2084 been
318 2040 352 2082 so
367 2022 454 2101 hung
468 2022 539 2082 that
553 2022 633 2083 each
645 2020 680 2082 oi
692 2022 744 2083 the
758 2026 844 2100 posis
860 2022 1024 2102 projected
1037 2022 1104 2082 hals
1116 2040 1133 2082 a
1143 2023 1232 2083 cubit
1245 2023 1372 2101 beyond
1382 2022 1432 2083 the
1444 2022 1542 2100 hingo

221 2121 256 2181 of
267 2122 319 2180 the
336 2120 414 2180 door
426 2119 544 2197 (which
559 2120 684 2197 opened
700 2118 849 2199 inwards)
866 2138 900 2180 so
912 2138 945 2179 as
960 2125 993 2180 to
1007 2137 1116 2180 secure
1131 2119 1185 2180 the
1200 2122 1358 2198 complete
1373 2122 1495 2181 clusura
1506 2120 1544 2180 oi

221 2218 275 2278 the
290 2219 370 2296 lloly
385 2218 419 2277 os
431 2217 540 2278 Holies
555 2241 582 2276 ».
924 2222 928 2230 ·

271 2399 412 2461 hemum
427 2416 586 2461 mensure
605 2393 700 2481 adyti
719 2394 892 2461 indicatur
909 2417 941 2460 v.
958 2398 977 2459 t
994 2424 1009 2455 α
1027 2409 1059 2460 ct
1078 2416 1211 2461 mertens
1230 2407 1279 2460 est
1296 2393 1546 2484 lonpitudiuem

227 2501 298 2595 eins
307 2501 431 2591 ot‘qintt'
443 2499 633 2567 cruditorum
644 2513 677 2568 et
687 2499 904 2568 latitudinem
916 2502 987 2567 eins
997 2502 1119 2591 uz'qriati
1128 2501 1318 2567 cubitorum
1328 2513 1406 2566 onte
1413 2501 1545 2589 sociem

227 2606 348 2699 templi
352 2631 365 2691 ;
379 2620 413 2674 et
427 2608 514 2680 dicit
527 2608 576 2675 od
585 2630 638 2673 me
654 2629 665 2673 .·
680 2608 743 2673 lroc
758 2620 806 2674 est
819 2621 975 2675 sunctum
989 2620 1181 2674 sanctornm
1199 2626 1233 2685 »;
1250 2646 1295 2657 -
1307 2629 1347 2674 ea
1361 2629 1441 2697 pars
1456 2630 1545 2697 quae

225 2722 301 2782 ante
317 2717 484 2805 templum
495 2715 550 2781 vel
561 2737 676 2782 versus
690 2721 845 2782 sanctum
860 2717 925 2781 sita
935 2723 1009 2782 erat
1017 2715 1198 2782 latitudine
1213 2717 1337 2802 viginti
1349 2715 1546 2781 cubitorum

225 2822 327 2888 fuisse
347 2822 487 2904 dicitur3
504 2821 644 2888 additur
661 2835 739 2888 onte
753 2822 938 2911 templum,
959 2828 997 2888 ut
1018 2844 1121 2911 quam
1138 2822 1311 2888 vocaverit
1325 2822 1545 2888 latitudinem

226 2933 358 3018 pateat,
380 2951 459 2995 cum
480 2929 572 2996 enim
588 2928 796 3018 quadratum
814 2927 934 3013 fuerit,
956 2950 1023 2995 non
1045 2929 1180 2996 videtur
1193 2927 1413 2994 latitudinem
1430 2951 1452 2994 a
1471 2929 1545 2994 lon-

227 3034 382 3122 gitudine
399 3035 594 3101 distinctam
609 3034 783 3114 hahuisse;
802 3034 886 3102 dicit
905 3057 989 3121 ergo
1003 3058 1037 3102 se
1052 3035 1224 3125 appellare
1238 3033 1453 3101 latitudinem
1468 3057 1546 3100 eam

225 3148 357 3231 partem
374 3164 461 3230 quae
476 3163 593 3208 versus
605 3142 836 3209 sanctuarium
850 3148 925 3208 erat
939 3141 1091 3230 (Muld..)
1109 3141 1234 3209 Eodem
1247 3141 1349 3208 modo
1365 3141 1547 3230 intemplo

228 3269 364 3338 quoque
385 3249 577 3314 Salomonis
594 3253 748 3314 sanctum
768 3254 960 3315 sanctorum
982 3255 1055 3314 erat
1073 3247 1222 3315 eiusdem
1245 3270 1441 3332 mensurae,
1461 3247 1546 3313 dum

228 3359 383 3420 sanctum
399 3355 452 3420 vel
467 3354 632 3444 templum
650 3360 722 3420 erat
741 3354 892 3420 eiusdem
907 3354 1046 3443 quidem
1066 3354 1255 3421 latitudinis
1273 3355 1395 3440 viginti
1409 3353 1547 3420 cubito-

228 3482 317 3541 rum,
334 3460 392 3526 sed
406 3460 631 3547 longitudinis
641 3459 835 3527 cubitorum
851 3461 1081 3550 quadraginta
1096 3462 1129 3549 (3
1145 3466 1227 3547 Reg.
1247 3467 1339 3541 6,16.
1359 3460 1428 3549 17),
1442 3467 1550 3549 prout

229 3568 286 3634 hic
306 3587 441 3656 quoque
457 3569 492 3633 in
507 3591 539 3635 v.
557 3574 589 3633 2.
608 3575 627 3634 t
643 3588 823 3634 mensurae
841 3567 1121 3634 determinantur.

488 3805 664 3880 ft'rempli
683 3811 872 3864 aedificium
892 3812 1096 3864 describitur
1113 3812 1169 3876 41,
1189 3812 1281 3864 5-15.

275 4013 426 4078 Primum
449 4012 574 4078 dicitur
596 4035 733 4078 murum
757 4014 875 4103 templi
896 4014 972 4102 (fig.
997 4018 1038 4080 ΠΙ
1056 4016 1080 4102 l)
1104 4014 1264 4080 habuisse
1285 4013 1472 4088 crassitiem
1490 4035 1551 4080 sex

230 4119 442 4202 cubitorum;
461 4119 539 4186 dein
558 4124 721 4186 narratur
735 4119 778 4186 ad
797 4142 935 4187 murum
949 4123 1053 4187 istum
1068 4120 1173 4188 sancti
1186 4126 1219 4186 et
1230 4121 1337 4185 sancti
1352 4125 1550 4186 sanctorum

232 4225 400 4291 adiectum
420 4225 522 4292 fuisse
542 4225 635 4292 aliud
653 4226 847 4293 aedificium
868 4229 962 4316 quod
981 4229 1211 4294 sanctuarium
1232 4249 1254 4292 a
1268 4227 1377 4292 tribus
1391 4225 1556 4315 partibus

232 4331 391 4416 cingebat
406 4332 492 4420 (scil.
511 4353 626 4398 versus
640 4331 830 4417 meridiem,
848 4333 1068 4416 occidentem,
1084 4333 1375 4422 septemtrionem)
1389 4339 1422 4398 et
1438 4333 1552 4400 tribus

234 4438 544 4522 contignationibus
568 4439 778 4525 assurgebat.
794 4443 860 4506 Hoc
877 4441 1072 4506 aedificium
1091 4439 1260 4507 adiectum
1280 4439 1324 4506 ad
1342 4440 1430 4505 latus
1448 4461 1550 4507 sanc-

237 4543 337 4607 tuarii
360 4550 499 4609 vocatur
523 4535 580 4642 tt'ytt
602 4545 691 4610 lctus
698 4569 712 4628 ,·
728 4547 863 4632 singula
877 4546 1037 4613 cubicula
1052 4548 1176 4637 quibus
1191 4546 1367 4614 constabat
1378 4553 1551 4614 vocantur

236 4654 330 4766 tritt?
350 4667 468 4732 latent.
486 4670 600 4736 Simile
616 4669 810 4736 aedificium
828 4671 989 4738 etiamad
1005 4673 1170 4762 templum
1188 4671 1375 4738 Salomonis
1388 4669 1549 4739 additum

236 4795 308 4858 erat
324 4812 331 4860 :
347 4796 380 4858 et
392 4791 583 4859 aedificavit
599 4793 790 4861 tubrclutrnn
804 4819 869 4872 pyri
890 4819 951 4886 per
970 4818 1135 4884 gyrum...
1159 4802 1191 4862 et
1208 4795 1289 4862 iecit
1308 4795 1415 4860 lutera
1428 4795 1465 4859 in
1481 4797 1551 4862 cir·
