3509 5425
459 395 572 453 isli-1
1536 392 1636 452 Est.
1690 392 1784 460 ΙιΓιἛΓ
1828 392 2017 448 38--ἱὲέ

546 548 1164 608 Praetersuuimam
1188 540 1640 624 ignominiam
1660 540 1828 608 alias
1848 564 2121 628 qunque
2149 540 2617 624 castigationes
2645 540 2897 606 subibit
2925 564 2989 608 v.
3013 552 3101 608 35

458 678 490 711 «
520 664 580 717 es
612 644 924 713 {maasiae
956 660 1012 713 fr
1048 646 1320 713 indiciis
1340 648 1812 713 adstiteris-rimi
1844 660 1908 713 et
1928 644 2429 737 effifflss'mifiiffli
2461 648 2861 737 saiwaima
2889 664 2953 713 ei!
2985 648 3105 713 riss-

459 755 540 821 be
584 769 644 821 se
680 757 744 821 isi
784 753 1188 841 *visualitatem
1224 753 1472 843 fureris
1508 769 1572 821 rt
1620 753 1748 821 zea*
1788 777 1856 833 n:
1912 793 2001 805 —·-
2027 753 2441 818 adulterium
2477 757 2885 841 puniebatur
2925 757 3101 845 lapi-

455 861 756 941 datiuum
800 861 948 925 vide
1000 885 1064 929 v.
1124 869 1200 929 Ἠ]
1244 869 1304 925 et
1336 865 1524 929 Dent.
1576 869 1808 941 22³2&
1852 861 2201 945 sanguinis
2233 861 2553 925 effusione
2581 861 3105 929 vindicabantur

449 969 684 1037 caedes
708 977 868 1037 Gen.
900 977 1036 1049 ⁴525·
1071 973 1180 1033 Es*
1209 977 1436 1049 21³2.
1464 973 1612 1033 [lev.
1644 973 1868 1049 ἐῌῗ.
1904 969 2089 1033 Unde
2113 969 2477 1033 Ierusalem
2497 989 2633 1033 nnn
2661 989 2797 1033 une
2821 969 3101 1033 numine

452 1081 724 1142 ruinam
760 1081 828 1141 et.
856 1073 1192 1141 excidium
1228 1077 1548 1141 meruisse
1568 1073 1752 1141 clare
1784 1073 2137 1153 asser-itum
2173 1097 2389 1161 quare
2417 1073 2589 1137 dish-a
2613 1085 2673 1137 se
2701 1077 3097 1161 eurwini-*rm

453 1183 700 1272 (hebr.)
740 1185 784 1249 i.
816 1205 876 1249 e,
916 1189 976 1245 te
1008 1185 1216 1245 tutan]
1240 1181 1636 1245 vulneribus
1668 1181 2041 1245 confossam
2073 1186 2141 1245 et.
2173 1181 2497 1245 fluentem
2525 1181 2857 1265 sangnine
2889 1189 2953 1249 et
2981 1185 3101 1249 tali

454 1289 660 1355 caede
695 1309 1104 1376 percussam,
1140 1289 1411 1375 qualem
1431 1289 1632 1375 fiis-ffl-
1672 1297 1736 1353 et
1784 1289 2129 1375 :efusypifi
2177 1309 2437 1373 magna
2481 1287 2877 1353 crudelitate
2909 1289 3093 1352 infli-

454 1418 618 1483 gere
651 1394 841 1476 solet,
875 1394 1065 1459 furor
1088 1390 1235 1459 scil.
1266 1397 1333 1459 et
1359 1392 1695 1482 zelotypia
1733 1393 1864 1459 viri
1903 1394 2159 1459 iniuria
2199 1413 2470 1459 summa
2510 1391 2731 1460 affecti
2768 1398 2835 1459 et
2862 1393 3102 1461 offensi

452 1500 687 1591 (Prad.
723 1499 936 1567 Mald.
970 1501 1094 1580 Sa,
1119 1500 1294 1565 Mar.
1328 1502 1496 1589 Lap.
1527 1502 1708 1566 Men.
1753 1499 1944 1588 Tin).
1970 1503 2049 1566 Et
2082 1498 2423 1589 quomodo
2452 1498 2755 1566 furorem
2783 1504 2851 1566 et
2876 1499 3101 1567 zelum

449 1610 534 1674 sit
572 1607 1157 1687 manifestaturuS,
1202 1606 1559 1695 exponitur
1595 1629 1660 1672 v.
1717 1612 1801 1672 39
1847 1632 1879 1667 «
1923 1619 1991 1672 et
2024 1602 2199 1672 dabo
2245 1617 2308 1672 te
2361 1605 2434 1671 in
2474 1627 2722 1672 manus
2765 1629 2994 1673 eorum
3036 1620 3103 1672 et

460 1715 804 1782 destruent
834 1712 1129 1802 lupanar
1159 1724 1349 1778 cuum
1389 1724 1453 1777 et
1480 1712 1932 1779 demolientur
1965 1711 2427 1802 prostibulum
2466 1725 2660 1779 tuum
2698 1726 2762 1779 ec
2789 1713 3102 1779 denuda·-

464 1820 633 1888 bunt
656 1833 716 1886 te
744 1819 1149 1886 vestimentis
1180 1818 1313 1884 tuis
1351 1831 1417 1884 ec
1441 1820 1759 1908 auferent
1792 1842 1957 1885 vasa
1997 1818 2253 1885 decoris
2298 1819 2405 1885 tui
2432 1831 2500 1885 et
2525 1818 2998 1909 derelinquent
3037 1833 3099 1887 te

454 1928 710 1995 nudam
740 1927 1154 2017 plenamque
1194 1913 1569 2014 iqnominia
1596 1949 1666 2007 »3
1699 1963 1788 1975 —
1827 1926 1911 1991 de
1942 1942 2016 2015 ²?
2046 1931 2113 1992 et
2143 1941 2277 2021 rugi]
2315 1926 2472 1993 vide
2490 1947 2558 1993 v,
2587 1933 2699 1994 aa.
2729 1933 2847 2010 25;
2876 1927 3101 1995 hostes

460 2054 676 2139 igitur
713 2051 985 2118 diruent
1011 2055 1215 2140 atque
1245 2050 1597 2116 destruent
1639 2072 1721 2117 ea
1768 2073 1941 2140 quae
1985 2050 2407 2117 idololatriae
2455 2050 2951 2134 inserviebant;
2985 2072 3100 2117 ur-

450 2159 605 2226 bem
634 2160 854 2248 ipsam
877 2163 944 2224 et
965 2157 1300 2246 populum
1323 2156 1736 2246 spoliabunt,
1772 2157 2069 2247 pretiosa
2088 2179 2401 2247 quaeque
2432 2157 2743 2224 auferent
2770 2164 2837 2224 et
2855 2158 3102 2224 urbem

446 2265 930 2353 regionemque
971 2263 1215 2330 misere
1255 2262 1634 2346 vastabunt,
1670 2263 1768 2330 ita
1804 2269 1879 2329 ut
1905 2263 2072 2330 urbs
2101 2268 2169 2330 et
2199 2263 2394 2350 regio
2431 2263 2551 2329 fiat
2594 2264 2834 2330 vicinis
2871 2266 3100 2351 genti-

449 2372 579 2438 bus
610 2371 684 2437 in
711 2376 1058 2458 stuporem
1088 2375 1154 2435 et
1187 2369 1463 2437 sibilum
1492 2369 1603 2458 (cf.
1640 2375 1768 2436 Ier.
1814 2375 2048 2451 18‚16;
2097 2371 2311 2460 19,8);
2346 2394 2412 2439 v,
2468 2377 2553 2439 to
2587 2399 2618 2432 «
2656 2383 2722 2438 ec
2758 2370 3104 2437 adducent

448 2497 648 2568 super
677 2490 738 2543 te
767 2475 1273 2543 multitudinem
1307 2487 1371 2541 et
1399 2474 1806 2565 lapidabunt
1830 2490 1891 2542 te
1922 2474 2267 2566 lapidibus
2296 2490 2362 2543 et
2391 2476 2828 2544 trucidabunt
2864 2489 2925 2543 te
2949 2478 3102 2567 yla-

445 2585 571 2651 diis
598 2583 735 2650 suis
764 2607 827 2649 v.
866 2589 943 2650 ⁷41
975 2595 1040 2649 et
1069 2581 1459 2649 comburent
1493 2581 1727 2648 domos
1766 2595 1916 2649 tuas
1944 2581 2092 2673 iqui
2127 2595 2193 2650 et
2227 2584 2493 2672 facient
2528 2584 2600 2650 in
2637 2596 2700 2651 te
2739 2583 2995 2650 iudicia
3024 2586 3099 2650 in

460 2691 676 2759 oculis
721 2689 1083 2757 mulierum
1119 2689 1609 2780 plurimarum,
1651 2702 1718 2756 ec
1768 2688 2029 2758 desines
2070 2690 2413 2780 fornicari
2450 2704 2517 2758 et
2551 2690 2886 2759 mercedes
2915 2690 3098 2758 ultra

449 2823 586 2867 non
615 2798 808 2865 dabis
843 2820 913 2881 »;
955 2836 1044 2846 —
1074 2797 1319 2863 multos
1363 2796 1448 2862 de
1475 2797 1731 2886 populo
1771 2793 2066 2864 occisum
2093 2798 2179 2864 iri
2216 2799 2405 2865 vario
2438 2800 2673 2866 mortis
2709 2820 2960 2885 genere
2986 2800 3099 2865 in-

445 2909 617 2989 nuit,
654 2909 814 2972 item
848 2904 1241 2971 incendium
1280 2903 1470 2969 urbis
1501 2904 1569 2992 (Ιι
1597 2907 1764 2990 Reg.
1801 2912 1921 2986 25,
1956 2912 2020 2972 9.
2054 2911 2188 2972 ler.
2230 2905 2504 2995 52,13);
2536 2928 2691 2972 cum
2737 2905 2821 2973 de
2849 2927 3097 2995 sponsa

444 3013 704 3103 perfida
742 3017 1010 3100 agatur,
1060 3011 1532 3096 castigationes
1571 3011 1632 3076 ei
1663 3011 2080 3097 infliguntur
2112 3011 2187 3077 in
2221 3013 2434 3079 oculis
2478 3010 2845 3080 mulierum
2874 3013 3099 3101 pluri-

452 3140 721 3186 marum
753 3119 802 3185 i.
842 3141 904 3185 e.
951 3118 1260 3205 gentium
1305 3116 1700 3200 multarum,
1760 3118 1922 3207 quia
1952 3118 2320 3186 Ierusalem
2369 3119 2575 3187 ruina
2619 3142 2741 3187 sua
2776 3119 3099 3207 gentibus

453 3226 704 3292 derisui
731 3225 879 3290 fieri
912 3223 1137 3290 debet.
1180 3227 1394 3312 Atque
1435 3245 1676 3290 revera
1715 3225 2049 3291 exercitus
2097 3225 2725 3293 Nabuchodonosor
2769 3248 2848 3292 ex
2890 3227 3100 3293 variis

450 3331 774 3418 gentibus
811 3334 957 3396 erat
975 3329 1414 3418 compositus;
1454 3330 1540 3394 cf.
1577 3335 1706 3397 Ier.
1740 3336 1825 3397 25
1846 3337 1943 3412 ‚9;
1974 3330 2045 3396 in
2076 3332 2450 3398 multorum
2472 3338 2700 3399 autem
2731 3337 3098 3422 conspectu

449 3437 647 3505 illudi
681 3442 747 3502 et
768 3436 1002 3526 puniri
1028 3435 1307 3522 gravius
1339 3441 1458 3501 est.
1495 3441 1637 3511 Quo
1668 3437 1806 3503 fine
1835 3442 2063 3503 autem
2099 3460 2213 3503 eas
2246 3460 2501 3527 poenas
2525 3439 2607 3505 sit
2634 3440 3091 3526 iungamus,

450 3544 798 3612 declarat:
835 3556 899 3608 ec
928 3563 1182 3608 cessare
1204 3541 1471 3629 faciam
1502 3554 1562 3607 te
1609 3564 1652 3607 a
1682 3544 2140 3633 fornicatione
2187 3543 2480 3632 (hebr.);
2523 3546 2847 3636 populum
2895 3567 3097 3612 suum

452 3650 781 3718 rebellem
809 3649 899 3716 ad
929 3650 1196 3715 saniora
1232 3648 1508 3714 consilia
1532 3649 1681 3716 vult
1714 3649 2064 3733 reducere,
2100 3650 2464 3718 afflictione
2494 3657 2560 3719 et
2593 3652 2866 3720 miseria
2888 3652 3098 3719 corda

386 3748 391 3752 ’
448 3758 626 3824 dura
651 3757 967 3843 frangere
1004 3776 1372 3844 omnesque
1401 3756 1552 3844 ipsa
1586 3778 1658 3822 re
1697 3755 1940 3823 docere
1970 3779 2180 3847 quam
2207 3759 2490 3826 miseros
2518 3782 2584 3826 se
2618 3761 2913 3850 peccatis
2943 3759 3097 3825 red-

452 3864 780 3931 diderint.
822 3863 1065 3949 Plagas
1101 3862 1316 3949 igitur
1354 3862 1628 3948 infligit,
1673 3868 1748 3928 ut
1788 3868 2001 3930 sanet.
2045 3870 2143 3931 Ita
2184 3865 2477 3932 iustitiae
2520 3865 2792 3934 divinae
2830 3866 3089 3946 satisfit,

448 3992 686 4039 verum
725 3969 928 4037 simul
954 3968 1451 4036 misericordiae
1480 3991 1742 4037 memor
1771 3974 1870 4036 est
1898 3972 2220 4038 Dominus
2259 3973 2641 4039 secundum
2668 3972 2841 4039 illud
2873 3996 2889 4039 ε
2934 3994 3097 4039 cum

441 4081 655 4147 iratus
679 4079 908 4159 fueriS,
946 4075 1449 4143 misericordiae
1487 4076 1958 4144 recordaberis
1997 4077 2190 4167 (Hab.
2229 4079 2369 4166 3,2)
2417 4102 2484 4147 v.
2539 4085 2624 4148 &2
2667 4108 2698 4141 «
2736 4092 2805 4147 et
2828 4079 3099 4171 requie-

446 4198 583 4253 scet
615 4183 992 4275 indiqnatio
1026 4205 1177 4249 mea
1207 4183 1278 4247 in
1309 4194 1370 4248 te
1408 4194 1474 4248 et
1500 4183 1854 4272 auferetur
1884 4183 2067 4249 zelus
2092 4206 2280 4249 meus
2307 4207 2350 4250 a
2390 4198 2453 4250 te
2495 4198 2561 4251 et
2597 4185 2940 4275 quiescam
2972 4209 3099 4252 nec

449 4293 707 4359 irascar
747 4290 1047 4381 amplius
1096 4305 1165 4371 »ς
1193 4328 1281 4339 -
1330 4289 1570 4355 satiata
1609 4290 2081 4376 indignatione
2137 4294 2308 4358 Deus
2353 4291 2627 4359 veniam
2664 4315 2732 4359 se
2771 4292 3096 4360 daturum

447 4400 778 4489 promittit
815 4399 912 4465 ita
946 4418 1137 4486 spem
1175 4394 1535 4462 ostendens
1565 4395 1836 4461 afflictis
1868 4402 1930 4462 et
1975 4395 2364 4464 dolentibus
2408 4397 2493 4466 de
2531 4401 2825 4490 peccatis
2862 4405 2931 4466 et
2965 4421 3096 4490 pro

447 4505 699 4595 populo
734 4503 1299 4571 instaurationem
1327 4502 1740 4569 theocratiae
1773 4502 2154 4592 pollicetur.

527 4713 615 4772 Ea
637 4709 831 4772 verba
866 4709 930 4768 in
960 4707 1340 4768 contrariam
1365 4712 1609 4785 partem
1642 4708 1720 4768 ab
1748 4708 1893 4768 aliis
1921 4709 2118 4788 accipi
2141 4710 2268 4771 iam
2299 4711 2362 4772 S.
2386 4710 2562 4772 Hier.
2587 4722 3051 4777 commemorat
3078 4735 3093 4777 :

454 4835 482 4865 «
508 4827 653 4871 cum
672 4808 793 4869 hoc
811 4807 1043 4868 factum
1069 4806 1257 4867 fuerit
1272 4850 1286 4879 ‚
1311 4804 1642 4866 mercedes
1663 4806 1826 4867 ultra
1844 4824 1970 4868 non
1994 4807 2169 4868 dabit
2194 4812 2258 4870 et
2281 4809 2642 4888 requiescet
2662 4812 2772 4873 Dei
2797 4812 3097 4893 indigna-
