3509 5425
2389 0 2394 13 ·
2488 0 2639 21 ’- ·
2734 0 3028 45 vaga-urg,
3163 19 3320 41 μ

2757 104 2787 133 Δ.
2850 126 2859 147 0
2971 95 2979 98 -
3115 81 3166 111 »z-

472 384 589 443 166
1550 389 1652 448 Ez.
1702 389 1801 461 16,
1849 388 2039 448 50-52

466 530 864 619 gnebantur
889 555 968 599 ex
994 534 1349 623 superbia,
1383 556 1462 601 ex
1502 557 1735 602 rerum
1784 536 2105 603 omnium·
2131 535 2514 618 affluentia,
2562 556 2643 602 ex
2689 533 3107 602 abundantia

467 640 588 705 otii
615 640 722 705 vel
754 661 835 705 ex
870 661 1042 730 pace
1069 645 1137 706 et
1164 662 1402 708 secura
1435 643 1701 732 quiete;
1746 644 1981 733 utique
2009 642 2141 708 tria
2176 643 2349 709 haec
2393 663 2409 709 τ
2457 640 2658 708 elatio
2695 641 2943 724 animi,
2977 642 3110 709 cibi

463 752 801 835 potusque
831 747 1054 837 copia,
1096 749 1312 815 otium
1343 752 1410 814 et
1436 747 1698 816 desidia
1725 771 1937 838 quam
1968 749 2262 816 maxime
2295 747 2591 815 fecunda
2621 753 2778 814 sunt
2801 747 2890 815 ad
2919 749 3115 835 flagi-

462 852 557 919 tia
582 853 1008 943 procreanda
1043 858 1116 920 et
1159 854 1247 920 ad
1285 856 1551 922 animos
1573 856 1935 922 hominum
1965 854 2412 922 indurandoS.
2451 855 2782 921 Iniustitia
2817 859 2883 921 et
2921 854 3116 921 duri-

464 960 593 1024 ties
628 959 702 1025 in
738 982 1113 1050 pauperes,
1151 960 1456 1028 luxuries
1490 964 1705 1043 vitae,
1749 960 2070 1052 superbia
2112 962 2317 1029 etiam
2356 967 2513 1028 sunt
2555 961 2715 1028 illae
2761 960 3116 1028 labruscae

467 1086 635 1153 quas
665 1065 866 1132 vinea
898 1066 1067 1133 Iuda
1094 1069 1380 1134 Domino
1412 1069 1640 1135 attulit
1668 1073 1748 1136 Is.
1788 1074 2052 1151 5,·7-23.

562 1173 799 1238 Minori
827 1194 1106 1264 quoque
1134 1173 1375 1264 culpae
1405 1174 1698 1241 obnoxia
1726 1179 1874 1242 erat
1895 1176 2203 1242 Samaria
2220 1198 2288 1242 v,
2316 1181 2393 1243 51
2439 1205 2466 1233 «
2493 1187 2560 1240 et
2583 1173 2904 1242 Samaria
2924 1172 3062 1240 dim
3073 1174 3117 1239 i-

466 1276 656 1345 dium
692 1293 1136 1368 peccatorum
1179 1292 1450 1350 tuorum
1493 1304 1630 1347 non
1663 1281 2011 1372 peccavit,
2051 1280 2173 1348 sed
2204 1280 2427 1348 vicisti
2458 1303 2570 1348 eas
2596 1279 2953 1349 sceleribus
2983 1281 3120 1346 tuis

468 1396 534 1451 et
559 1386 946 1474 iustz'ficasti
965 1409 1230 1454 sorores
1249 1399 1402 1454 tuas
1431 1387 1502 1455 in
1523 1387 1833 1481 omnibus
1852 1386 2472 1454 abominationibus
2496 1387 2627 1455 tuis
2649 1410 2819 1477 quas
2839 1400 3118 1478 operata

473 1514 540 1558 es
590 1495 660 1560 »1
699 1529 790 1542 —
834 1491 1018 1560 idem
1071 1493 1256 1584 apud
1291 1498 1415 1561 Ier.
1470 1500 1625 1578 3,ss
1675 1517 1689 1564 :
1742 1495 2134 1562 iustificavit
2174 1496 2478 1562 animam
2516 1516 2708 1561 suam
2753 1495 3121 1562 aversatrix

472 1599 675 1665 Israel
705 1602 1214 1690 comparatione
1242 1602 1835 1692 praevaricatricis
1871 1600 2102 1669 ludae.
2146 1606 2219 1669 ln
2261 1601 2428 1668 luda
2464 1603 2649 1669 enim
2688 1601 2906 1668 maior
2942 1623 3113 1691 quo-

469 1727 603 1795 que
643 1705 876 1773 aderat
913 1708 1412 1797 prophetarum
1452 1729 1813 1792 numeruS,
1856 1708 2193 1799 templum
2225 1710 2379 1791 Dei,
2413 1707 2864 1775 sacerdotium
2892 1707 3118 1794 legiti-

465 1833 688 1893 mum,
725 1834 844 1879 rex
889 1814 1380 1894 theocraticus;
1437 1836 1655 1904 quare
1700 1814 2103 1882 ludaeorum
2152 1813 2408 1882 scelera
2453 1814 2685 1881 multis
2731 1813 3122 1881 nominibus

468 1919 730 1988 maiora
756 1924 1139 2001 censentur,
1176 1921 1323 1988 siv,
1359 1943 1435 2008 g.
1470 1922 1541 1987 in
1570 1921 1719 2010 ipso
1743 1920 2002 2012 templo
2032 1921 2146 1988 Dei
2174 1920 2365 1988 idola
2394 1920 2820 1988 collocabant
2849 1920 2917 2009 (Is
2948 1924 3118 2007 Reg.

469 2026 684 2114 214).
719 2027 1046 2094 Ultimum
1078 2027 1472 2099 membrum
1507 2030 1580 2096 S.
1623 2027 1815 2095 Hier.
1852 2028 2141 2118 explicat
2180 2051 2194 2096 :
2239 2058 2266 2088 «
2312 2049 2448 2094 non
2483 2027 2883 2117 simpliciter
2914 2028 3124 2093 iustas

468 2131 830 2199 Sodomam
855 2140 921 2200 et
952 2135 1340 2201 Samariam
1366 2157 1507 2202 esse
1536 2134 1878 2217 decernit,
1918 2133 2037 2201 sed
2068 2134 2579 2224 comparatione
2605 2133 3022 2201 deteriorum
3055 2161 3115 2201 ».

469 2237 658 2305 Unde
685 2262 842 2305 cum
872 2239 1166 2306 Sodoma
1195 2246 1261 2307 et
1286 2242 1596 2308 Samaria
1625 2242 1937 2307 strictum
1967 2242 2083 2307 Dei
2118 2240 2450 2307 iudicium
2480 2246 2721 2307 contra
2748 2262 2818 2306 se
2852 2239 3124 2306 devolvi

475 2343 804 2425 viderint,
850 2345 1016 2435 quid
1063 2349 1349 2436 aequius
1392 2369 1599 2439 quam
1643 2352 1719 2414 ut
1760 2347 2124 2414 Ierusalem
2164 2369 2434 2437 quoque
2472 2347 2804 2414 ultionem
2844 2354 2909 2412 et
2946 2348 3121 2413 iram

467 2451 584 2517 Dei
623 2452 693 2517 in
731 2474 800 2518 se
840 2454 1269 2542 experiatur?
1302 2476 1368 2521 v.
1403 2460 1489 2522 52
1525 2483 1555 2517 «
1590 2476 1745 2545 erqo
1783 2466 1847 2520 et
1883 2468 1956 2520 tu
1982 2464 2189 2544 porta
2222 2453 2683 2543 confit-sionem
2715 2466 2904 2520 tuam
2943 2476 3124 2544 quae

469 2557 696 2625 vicisti
718 2581 979 2625 sorores
1023 2572 1173 2626 tuas
1199 2561 1506 2651 peccatis
1551 2562 1717 2643 tuiS,
1758 2561 2149 2628 sceleratius
2190 2582 2396 2649 aqens
2434 2559 2518 2627 ab
2549 2560 2685 2644 εἰς,-
2713 2559 3123 2648 iustificatae

470 2678 630 2733 sunt
669 2665 848 2733 enim
877 2690 920 2734 a
958 2678 1045 2750 te,
1079 2688 1238 2757 erqo
1274 2681 1341 2736 et
1369 2680 1442 2735 cu
1478 2667 1897 2759 confundere
1926 2680 1992 2736 ec
2006 2680 2214 2758 porca
2249 2667 2692 2757 z'qnomim'am
2723 2679 2915 2736 cuam
2946 2689 3123 2757 quar

472 2774 857 2862 z'ustzflcasti
878 2796 1135 2842 sorores
1168 2788 1318 2841 tuas
1360 2799 1431 2858 »ς
1472 2815 1561 2825 -
1589 2781 1788 2866 porta
1827 2776 1969 2843 scil.
2005 2775 2453 2861 ignominiam
2491 2774 2728 2842 ruinae
2759 2780 2826 2841 et
2854 2773 3119 2855 excidii,

475 2882 646 2949 sicut
679 2880 837 2948 illae
874 2882 1079 2949 urbes
1113 2890 1387 2972 portare
1424 2882 1851 2968 debuerunt3
1891 2882 2099 2972 idque
2144 2904 2223 2947 eo
2261 2882 2484 2968 magis
2527 2881 2691 2970 quia
2735 2881 3129 2948 sceleratius

475 2989 671 3074 egisti
712 3010 922 3078 quam
973 2989 1170 3068 illae,
1217 2995 1374 3055 sunt
1408 2990 1590 3055 enim
1625 2991 1846 3076 magis
1883 2989 2100 3055 iustae
2144 3010 2356 3077 quam
2396 2999 2471 3053 tu
2519 2987 2739 3074 (hebr.
2787 3003 2900 3082 ζῷς
2943 2986 3127 3055 unde

475 3112 596 3193 ab,
629 3112 746 3179 sed
777 3112 1041 3204 explica
1082 3134 1285 3180 sensu
1318 3114 1834 3203 comparativo).
1869 3113 2072 3179 Hebr.
2116 3100 2231 3201 ‘7¹:55
2272 3118 2345 3179 S.
2395 3113 2580 3180 Hier.
2622 3114 2827 3179 vertit
2863 3113 3127 3194 vic-alm}

477 3236 719 3304 eodem
764 3236 966 3304 modo
1004 3240 1239 3327 Sym.‚·
1279 3237 1490 3303 verbo
1530 3237 1730 3304 hebr.
1778 3239 2094 3304 convenit
2134 3238 2324 3303 notio
2353 3234 2818 3304 intercedendi
2843 3259 2969 3326 pro
2998 3237 3125 3303 ali-

482 3366 620 3433 quo
653 3342 837 3431 (vide
875 3341 958 3409 de
987 3344 1480 3410 Hummelauer
1505 3343 1593 3410 ad
1624 3350 1655 3409 1
1694 3349 1876 3411 Sam.
1912 3343 2127 3432 235),
2163 3365 2340 3433 quae
2380 3344 2563 3410 notio
2593 3349 2822 3409 nostro
2852 3365 3129 3433 quoque

480 3449 632 3515 loco
660 3454 821 3539 apta
845 3455 978 3533 est,
1027 3456 1102 3516 ut
1143 3451 1284 3517 scil.
1324 3450 1688 3516 Ierusalem
1726 3449 1997 3517 dicatur
2033 3450 2442 3517 intercedere
2479 3472 2607 3539 pro
2636 3449 2926 3516 urbibus
2962 3450 3121 3516 illis.

482 3561 580 3623 lta
618 3556 802 3623 enim
838 3557 1162 3623 facillime
1201 3555 1593 3623 declaratur
1640 3579 1851 3623 nexus
1885 3579 2040 3624 cum
2086 3556 2524 3646 sequentibus
2569 3579 2587 3624 t
2635 3560 2808 3623 Deus
2850 3556 3128 3626 illarum

479 3685 754 3753 quoque
786 3662 1072 3730 urbium
1107 3667 1356 3730 sortem
1391 3665 1463 3729 in
1493 3664 1738 3731 melius
1767 3670 2032 3731 mutare
2064 3663 2375 3746 debebit,
2410 3664 2572 3752 quia
2600 3664 2909 3730 restituet
2942 3666 3127 3729 leru-

483 3771 691 3837 salem
723 3793 899 3859 quae
939 3769 1095 3860 plus
1130 3770 1265 3837 illis
1296 3771 1628 3860 peccavit,
1663 3776 1728 3838 et
1753 3793 1835 3837 eo
1862 3793 2063 3839 sensu
2094 3770 2344 3837 dicitur
2366 3769 2789 3838 intercedere
2808 3792 2939 3859 pro
2962 3769 3122 3836 illis.

478 3876 609 3943 Alii
654 3878 800 3943 voci
847 3877 1192 3945 notionem
1254 3877 1632 3959 iudicandi,
1692 3876 2199 3945 condemnandi
2235 3877 2618 3944 attribuunt
2666 3876 2854 3966 (Vae.
2907 3874 3125 3943 Mald.

481 3984 713 4053 Trocb.
758 3984 957 4053 Sckr.
1000 3984 1210 4071 Keil),
1255 3983 1406 4067 sed,
1454 3989 1661 4074 prout
1698 3986 1844 4053 Sm.
1895 3984 2090 4068 dicit,
2136 3984 2306 4051 haec
2337 3985 2528 4051 notio
2572 3983 2810 4073 nequit
2846 3972 3127 4072 pro‘bari

478 4097 545 4158 et
592 4113 825 4159 sensus
856 4090 1018 4157 inde
1067 4091 1328 4159 elicitus
1362 4096 1461 4159 est
1499 4093 1656 4159 satis
1693 4091 1950 4173 malus;
1994 4112 2163 4157 num
2202 4089 2437 4158 Iudaei
2474 4089 2770 4156 multum
2797 4089 3130 4158 condem-

478 4239 671 4284 nasse
710 4216 1034 4284 censendi
1075 4222 1236 4283 sunt
1281 4223 1561 4307 peccata
1606 4216 1993 4284 Samariae?
2045 4219 2119 4284 C.
2169 4216 2445 4283 demum
2489 4216 2640 4282 voci
2676 4215 3127 4301 significatio-

480 4345 637 4389 nem
657 4323 1060 4391 declarandz'
1076 4323 1328 4390 iustum
1354 4323 1681 4390 adscribit
1709 4329 1776 4389 et
1798 4323 2190 4390 membrum
2210 4324 2503 4389 alterum
2532 4322 2942 4410 iustificatae
2970 4334 3133 4388 sunt

478 4435 830 4518 tamquam
861 4431 1157 4516 glossam
1186 4431 1432 4520 prioris
1458 4431 1664 4498 eiicit.
1702 4429 1834 4497 Sed
1861 4452 2018 4496 cum
2045 4430 2128 4496 de
2154 4429 2367 4496 altera
2391 4429 2885 4516 significatione
2912 4429 3123 4496 inter-

485 4534 769 4601 cedendi
793 4542 1047 4604 constet
1079 4541 1262 4604 certo
1280 4589 1296 4618 ‚
1341 4536 1706 4604 arbitrarie
1735 4537 1873 4604 alia
1900 4537 2215 4624 fingitur.

1121 4706 1178 4772 Ιε)
1211 4708 1626 4761 Iustam-atio
1663 4708 2083 4774 promittatur
2116 4710 2215 4775 16,
2250 4707 2483 4761 53-63.

562 4849 734 4912 Deus
778 4866 936 4912 cum
977 4846 1190 4912 iratus
1224 4847 1463 4927 fuerit,
1505 4846 2010 4916 misericordiae
2046 4848 2520 4917 recordabitur
2557 4846 2750 4938 (Hah.
2789 4846 2963 4935 3‚2).
3009 4851 3126 4913 Iu-
