3509 5425
148 440 156 459 .
242 407 301 466 2⁵28
799 409 849 468 ΕΖ.
873 409 923 479 23,
947 408 1002 467 1-5

242 559 332 623 Mea.
348 563 486 624 monent
496 558 602 624 verba
616 579 685 624 esse
697 556 899 647 explicanda
914 569 945 623 et
958 556 1135 647 effundam
1151 563 1215 624 etc.
1232 558 1290 645 agi
1306 559 1397 625 enim
1412 558 1455 626 de
1474 564 1565 626 tem-

241 685 324 752 pore
350 662 475 731 iuturo.
499 669 544 732 lte
568 665 713 752 singulis
737 663 944 730 dictionibus
965 663 1043 730 vide
1068 671 1141 747 ’ως
1168 672 1264 748 9,10;
1295 671 1559 750 11‚21;1u,u3;

241 776 359 853 eoas.

536 999 563 1066 p)
582 997 729 1050 Duorum
747 1008 926 1062 regnorum
943 996 1078 1061 flagstta
1095 997 1150 1062 23,
1170 997 1265 1050 1·35.

281 1181 373 1250 ldem
395 1186 634 1268 argumentum
661 1202 730 1269 quo
755 1180 876 1271 populi
901 1181 1063 1270 iniquitas
1085 1181 1337 1249 demonstratur
1358 1183 1426 1250 alio
1447 1183 1552 1252 modo

238 1295 330 1356 vates
342 1289 570 1378 prosequitur.
581 1291 701 1375 Regna
710 1287 801 1354 enim
815 1287 917 1354 lsrael
927 1294 960 1353 et
974 1287 1058 1354 luda
1068 1289 1220 1374 imagine
1235 1287 1381 1358 duarum
1395 1311 1553 1357 sororum

237 1396 396 1486 depingit
424 1417 513 1485 quae
544 1395 673 1462 artibus
694 1394 894 1461 meretriciis
923 1416 957 1460 se
985 1393 1157 1476 dederint3
1178 1417 1212 1461 ν.
1234 1402 1286 1463 1«
1308 1399 1354 1463 Et
1368 1397 1480 1486 factas
1499 1410 1550 1464 cst

237 1525 345 1570 sermo
359 1501 497 1569 Domini
505 1500 553 1568 ad
562 1523 616 1568 me
629 1500 742 1568 diceres
759 1523 770 1567 :
786 1523 819 1568 v.
834 1507 855 1566 2
862 1500 922 1590 fili
929 1501 1089 1582 homines,
1103 1500 1191 1568 duae
1202 1501 1360 1570 mulieres
1370 1503 1466 1591 fileae
1479 1527 1555 1572 ara·

238 1610 295 1676 tm's
310 1609 411 1676 craias
421 1610 581 1698 fueram&
594 1631 627 1675 v.
648 1615 667 1675 3
684 1619 717 1674 ct
731 1607 923 1697 fornicatae
938 1620 1017 1673 sant
1029 1608 1065 1674 ia
1081 1609 1254 1698 Aegypto,
1272 1609 1310 1677 ia
1323 1609 1552 1679 adolescentia

236 1739 298 1784 saa
325 1715 517 1805 fornicatae
545 1727 645 1797 szrnl,·
668 1713 718 1781 ibi
731 1711 871 1781 subacta
890 1726 970 1781 sant
989 1713 1090 1781 ubera
1119 1737 1237 1783 caram
1264 1729 1298 1783 ct
1311 1718 1447 1805 fractae
1474 1733 1556 1784 sant

235 1845 406 1890 mammae
421 1822 609 1911 pubertatis
626 1843 764 1904 caram;
778 1845 810 1888 v,
829 1819 1000 1888 tnomz'na
1020 1833 1135 1888 autem
1154 1844 1298 1890 carum:
1317 1824 1416 1891 Oolla
1436 1825 1549 1892 maior

235 1942 267 1998 et
284 1929 403 1998 Oolz'ba
416 1951 510 1996 soror
528 1928 598 1995 cias
615 1928 744 2011 mirram
762 1942 796 1996 ct
815 1926 992 1994 hebraicas
1008 1941 1263 2019 etpcpercrrmt
1278 1929 1371 2018 filios
1392 1944 1426 1998 ct
1440 1931 1535 2019 filias
1541 1954 1555 2014 ;

229 2059 334 2128 porro
358 2059 476 2104 caram
497 2035 636 2104 aoma'rta
661 2055 672 2101 :
696 2036 856 2103 Samaria
873 2035 971 2102 Oolla
990 2046 1023 2101 et
1041 2036 1226 2104 Ierusalem
1242 2037 1362 2104 Ooliba
1388 2059 1423 2120 »3
1442 2060 1546 2106 -ex

235 2165 303 2210 una
316 2145 434 2232 stirpe,
448 2143 554 2210 immo
568 2165 608 2208 ex
620 2165 689 2209 una
701 2148 827 2222 matre,
849 2147 947 2222 Sara,
965 2141 1052 2209 duae
1068 2149 1188 2230 gentes
1206 2149 1299 2210 ortae
1317 2151 1409 2212 sunt.
1425 2149 1546 2212 Sama-

234 2250 298 2334 ria,
315 2270 462 2338 regnum
475 2248 696 2316 israeliticum
715 2253 856 2316 vocatur
872 2247 994 2330 Odola,
1007 2249 1266 2343 tabernaculum
1286 2272 1402 2333 suum3
1418 2255 1545 2318 lerusa-

234 2359 312 2437 lem,
335 2378 483 2444 regnum
502 2354 674 2424 iudaicam
702 2354 859 2437 Oboliba,
883 2355 1146 2423 tabernaculum
1165 2378 1280 2424 meum
1307 2360 1344 2424 in
1369 2379 1426 2440 ea,
1441 2365 1545 2448 prout

234 2465 302 2531 iam
321 2466 359 2532 S.
383 2463 477 2530 Hr'cr.
500 2483 624 2528 nomen
643 2461 707 2528 rite
730 2463 886 2550 explicat.
905 2466 983 2529 Erat
1005 2463 1097 2528 enim
1122 2464 1158 2529 in
1177 2464 1356 2531 Ierusalem
1375 2465 1542 2554 templum

234 2569 376 2653 Domini,
393 2569 477 2637 dum
497 2569 650 2636 Samaria
665 2569 717 2635 vel
731 2566 848 2637 decem
870 2568 979 2635 tribus
999 2590 1099 2635 suum
1120 2569 1186 2635 sibi
1199 2570 1459 2638 tabernaculum
1476 2575 1544 2639 eri-

233 2683 355 2764 gerent
368 2681 402 2744 et
414 2681 530 2745 contra
543 2677 603 2744 Dei
616 2681 838 2767 praeceptum
849 2677 884 2742 in
900 2681 1015 2743 monte
1028 2676 1187 2758 Gerizim,
1203 2676 1239 2744 in
1254 2681 1337 2761 Dan,
1351 2677 1470 2746 Bethel
1483 2683 1549 2747 ete.

234 2785 427 2852 sanctuaria
435 2784 648 2851 instituerent
663 2781 783 2872 (Mala.
800 2785 889 2850 Mar.
900 2786 986 2872 Lap.
998 2786 1089 2852 Mea.
1104 2784 1205 2851 Loclr.
1225 2785 1372 2874 Trade).
1389 2787 1542 2853 Samaria

236 2896 285 2959 est
300 2913 395 2958 soror
410 2892 530 2971 maior,
551 2895 668 2981 utpote
683 2911 830 2976 regnum
851 2911 995 2956 numero
1013 2890 1165 2957 tribuum
1180 2897 1354 2981 praestans
1370 2893 1548 2982 magisque

235 2999 402 3088 amplum.
420 2997 539 3065 Tribus
560 3001 674 3064 autem
692 2996 771 3063 illae
785 2997 854 3063 iam
872 2996 908 3063 in
927 3000 1079 3086 Aegypto
1099 2998 1208 3064 cultui
1227 2997 1436 3065 idololatrico
1450 3006 1549 3066 erant

236 3105 385 3183 deditae3
401 3104 621 3172 commoratio
633 3106 670 3170 in
684 3108 837 3193 Aegypto
856 3107 906 3169 est
919 3101 1144 3171 adolescentia
1157 3104 1276 3195 populi
1291 3105 1349 3194 (cf.
1365 3110 1420 3172 ΕΖ.
1439 3108 1548 3196 16,7);

236 3234 276 3278 eo
295 3212 363 3277 iam
387 3217 538 3300 tempore
561 3210 655 3277 haud
681 3232 759 3276 raro
783 3209 1014 3277 idololatriam
1034 3210 1199 3303 riguisse,
1221 3210 1299 3278 vide
1321 3210 1365 3279 ad
1389 3218 1481 3293 20,8.
1501 3218 1548 3280 Ea

236 3323 348 3384 autem
372 3318 540 3406 populum
559 3316 656 3384 foede
679 3337 749 3382 esse
776 3315 999 3394 maculatum,
1019 3316 1230 3404 imaginibus
1251 3318 1411 3408 exprimit
1427 3319 1551 3408 quibus

235 3424 443 3509 virginitatis
457 3421 559 3490 decus
577 3422 730 3490 ablatum
748 3444 817 3489 esse
831 3420 1025 3489 declaratur
1037 3429 1070 3489 et
1084 3424 1216 3513 puellas
1236 3428 1413 3514 tamqnam
1435 3431 1546 3493 scorta

237 3529 370 3596 haberi.
389 3527 614 3597 Nihilominus
633 3533 718 3596 Deus
737 3529 903 3620 populum
918 3551 957 3595 ex
971 3552 1012 3595 ea
1027 3529 1215 3597 abiectione
1229 3531 1275 3598 ad
1293 3530 1413 3598 foedus
1435 3554 1552 3600 seeum

238 3635 428 3703 ineundum
442 3637 620 3726 assumpsit
639 3641 672 3702 et
690 3638 835 3727 populus
858 3656 1002 3703 numero
1024 3637 1140 3703 crevit.
1164 3641 1228 3704 Pro
1251 3638 1372 3705 ultimo
1395 3638 1551 3705 membro

239 3765 270 3809 v.
292 3749 311 3809 3
328 3746 407 3809 LXX
422 3742 588 3833 praebent
600 3742 811 3810 solummodo
830 3750 897 3815 ἐκεῖ
912 3738 1215 3840 disceptaverit-acam
1232 3745 1308 3811 sim.
1329 3746 1448 3835 Syrus.

281 3864 351 3926 lam
368 3858 570 3925 describitur
585 3858 756 3949 quomodo
772 3858 926 3925 Samaria
938 3858 975 3924 in
988 3880 1025 3926 re
1039 3857 1200 3946 religiosa
1215 3865 1248 3926 et
1260 3860 1353 3927 civili
1374 3862 1553 3927 recesserit

238 3988 257 4034 a
277 3971 342 4033 [teo
359 3972 392 4038 et
405 3965 449 4033 ab
463 3964 579 4033 indole
597 3965 802 4032 theocratica
824 3970 856 4031 et
880 3987 916 4031 se
934 3966 1055 4032 insano
1078 3967 1190 4032 studio
1204 3965 1384 4033 tradiderit
1398 3968 1552 4035 moribus

237 4074 417 4161 gentilium
429 4095 461 4139 v.
475 4078 494 4139 5
508 4099 524 4134 a
533 4073 702 4162 sorm'cata
717 4084 765 4137 cst
776 4070 992 4162 lqr'tarsapcr
1004 4093 1057 4138 me
1070 4071 1168 4139 Oolla
1183 4085 1215 4139 cl
1229 4073 1393 4139 insanivit
1406 4073 1442 4139 ia
1457 4096 1557 4140 ama-

239 4193 324 4247 tores
335 4203 423 4261 suos,
441 4180 477 4246 in
494 4179 645 4268 Assyrios
659 4178 945 4268 propinquantes,
959 4200 993 4245 v,
1015 4179 1180 4245 becstdos
1202 4180 1401 4268 hyacintha,
1417 4180 1553 4270 prioci-

231 4309 294 4375 pes
317 4299 350 4353 et
370 4286 601 4377 maqr'stratas,
628 4285 762 4351 iuuenes
788 4284 976 4375 capidiam,
1003 4284 1172 4352 renivcrsos
1199 4286 1341 4376 equites,
1364 4310 1557 4354 ascensores

238 4415 402 4481 equorum
425 4414 459 4472 »;
475 4432 519 4443 --
535 4414 636 4481 saper
653 4414 705 4458 mc
721 4392 744 4459 i.
762 4414 793 4457 e.
812 4392 969 4481 quamvis
991 4398 1077 4459 esset
1092 4415 1178 4459 uxor
1193 4414 1277 4460 mea.
1302 4393 1449 4461 Foedera
1472 4416 1555 4461 cum

238 4500 378 4585 Assyriis
397 4500 499 4565 etiam
522 4502 601 4565 Osee
615 4498 787 4586 vituperat
810 4505 906 4580 5,13;
924 4504 998 4582 8‚9;
1015 4506 1110 4581 ts,1;
1135 4500 1327 4590 exemplum
1345 4500 1493 4568 refertur
1506 4499 1552 4569 de

237 4604 409 4671 tianahem
425 4606 485 4695 qui
500 4603 593 4671 dedit
608 4604 693 4671 rhul
710 4603 802 4671 mille
823 4603 950 4672 talenta
964 4607 1115 4691 argenti,
1132 4612 1170 4673 ut
1184 4611 1267 4673 esset
1285 4609 1316 4675 ei
1332 4610 1368 4674 in
1385 4607 1554 4676 auxilium

236 4716 270 4778 et
291 4710 444 4778 firmaret
466 4709 1008 4801 regnumeius(llieg.15‚19).
1031 4715 1077 4777 Ex
1098 4713 1375 4803 inscriptionibus
1396 4715 1555 4781 cuneatis

237 4818 383 4885 refertur
401 4819 469 4885 iam
489 4818 571 4884 lehn
589 4817 756 4885 tributum
771 4817 906 4884 solvisse
926 4818 998 4905 regi
1018 4820 1304 4903 salmanassar113
1322 4822 1424 4888 etiam
1444 4825 1555 4887 Ram-
