3509 5425
232 346 291 405 184
539 376 542 390 ι
635 354 639 363 ’
753 341 806 402 Ez.
837 343 885 411 18,
910 343 1067 438 17-204

230 499 333 577 aazia
355 495 391 560 S.
417 492 511 559 Hier.
536 479 637 558 ver'tit
659 489 810 581 amplius
825 490 999 581 acceptam
1017 489 1074 556 liic
1093 495 1127 557 et
1144 495 1248 570 2212
1270 491 1552 580 superabundan-

232 599 333 680 tiam,
354 605 453 667 Prov.
482 603 562 683 28,8
585 599 703 688 senam
726 619 844 664 vocem
863 599 997 686 accipe,
1019 597 1070 663 uti
1086 596 1155 664 iam
1174 598 1354 686 explicavit
1371 599 1408 665 S.
1428 599 1552 666 Hier:

233 736 248 768 a
273 711 394 796 putant
417 704 557 796 quidam
577 725 714 772 usuram
739 725 809 771 essa
829 709 963 770 tantum
989 705 1026 770 in
1049 703 1210 794 pecunia3
1234 703 1327 794 quod
1348 704 1554 794 praevidens

230 813 405 902 Scriptura
418 811 535 878 divina
550 811 661 878 omnis
676 811 726 878 rei
738 809 849 878 aulcrt
859 809 1226 901 superabundantiam,
1241 815 1279 876 ut
1294 811 1372 900 plus
1383 833 1453 877 non
1467 813 1553 878 reci-

229 919 301 1008 pias
315 940 420 1008 quam
432 917 566 986 dedisti.
584 918 699 985 Solent
712 919 746 983 in
763 917 856 1004 agris
876 917 1039 983 frumenti
1052 922 1087 983 et
1097 916 1194 998 milii,
1211 916 1283 983 vini
1297 923 1331 982 et
1344 917 1411 983 olei
1424 923 1553 986 cetera-

228 1047 374 1115 rumque
389 1014 580 1116 specierum
593 1045 717 1091 usurae
728 1023 830 1109 exigi,
846 1024 917 1090 sive
932 1029 969 1090 ut
985 1023 1135 1113 appellat
1149 1043 1260 1089 sermo
1277 1022 1424 1107 divinus,
1440 1023 1552 1090 oburi-

228 1130 382 1212 dantiae,
395 1153 430 1198 v.
447 1137 525 1218 gut
536 1131 659 1198 hiemis
670 1136 823 1221 tempore
838 1129 959 1196 demus
971 1129 1090 1198 decem
1104 1129 1237 1196 modios
1247 1135 1281 1196 et
1294 1131 1330 1196 in
1345 1151 1450 1196 messe
1463 1133 1552 1197 reci-

226 1239 361 1328 piamus
373 1237 581 1327 quindecim,
599 1237 665 1304 hoc
679 1241 729 1304 est
743 1236 891 1327 amplius
899 1242 1033 1326 partem
1046 1235 1196 1302 mediam
1208 1262 1224 1297 »ι
1235 1254 1243 1315 ;
1256 1257 1345 1326 quae
1360 1237 1450 1303 vocis
1458 1239 1553 1304 notio

228 1349 304 1412 Lev.
327 1351 381 1427 25,
402 1349 444 1410 37
459 1343 559 1412 hebr.
578 1342 864 1412 commendatur:
886 1343 1002 1410 cibum
1014 1348 1113 1408 tunm
1128 1364 1199 1409 non
1218 1341 1464 1444 ᾶεὼίεῆνᾳῃῃξ,
1481 1344 1554 1409 tru-

227 1490 312 1556 gum
325 1467 679 1558 superabundantiam
692 1489 762 1534 non
779 1469 895 1554 exiges
912 1469 960 1555 (S.
983 1467 1107 1555 Hiera).
1126 1471 1163 1533 ln
1179 1489 1212 1534 v.
1241 1475 1281 1535 17
1298 1437 1398 1535 hebr.¹
1421 1490 1443 1534 α
1455 1488 1552 1557 pca-

225 1597 305 1666 pcre
324 1576 448 1642 avertit
460 1597 600 1642 morium
616 1597 727 1656 suam,
743 1573 780 1640 id
794 1573 887 1664 quod
900 1574 1049 1660 intelligi
1064 1573 1182 1656 debet,
1202 1595 1245 1640 ne
1262 1596 1340 1640 eum
1360 1573 1548 1664 opprimat;

193 1677 195 1682 ’
227 1681 286 1748 sed
301 1686 376 1772 post
390 1704 423 1747 v.
439 1688 481 1748 16
495 1680 532 1747 id
546 1681 672 1748 mimm
685 1702 756 1748 esse
771 1679 921 1760 videtum
937 1681 1017 1747 dein
1034 1702 1176 1746 maneam
1188 1691 1338 1747 avertere
1354 1702 1394 1747 eo
1409 1685 1547 1748 sensull

227 1791 305 1855 Lxx
325 1788 491 1879 praebent
510 1792 572 1858 ἀπὸ
590 1783 727 1880 ἀδικίας,
748 1809 831 1875 ergo
850 1787 927 1873 lege
937 1809 977 1853 ex
991 1810 1024 1853 v.
1043 1793 1144 1877 8pro
1158 1801 1234 1881 *pap
1247 1788 1358 1877 potius
1372 1776 1468 1889 &prm
1485 1789 1551 1877 Sy-

148 1910 150 1925 '
227 1935 285 1980 rus
301 1919 335 1979 et
352 1911 474 1982 ctald.
495 1913 615 1999 legunt
631 1934 639 1980 :
655 1934 838 2002 apauperc
851 1933 922 1978 non
936 1910 1059 1978 avertit
1072 1932 1213 1978 manum
1231 1933 1328 1978 suam
1347 1910 1428 2001 (non
1442 1918 1552 1978 retra-

227 2020 304 2110 hit).
327 2019 491 2109 lniquitas
505 2017 610 2108 patris
622 2017 653 2084 ei
668 2040 737 2085 non
757 2023 911 2084 vertetur
922 2018 958 2084 in
969 2039 1117 2108 poenam
1131 2039 1242 2108 neque
1255 2018 1292 2084 in
1301 2018 1486 2109 perniciem
1498 2040 1553 2085 re-

227 2126 420 2217 putabitur;
438 2147 471 2192 ν.
492 2130 533 2192 18
551 2151 566 2186 a
579 2137 682 2214 poter
693 2125 766 2192 eins
777 2124 861 2214 quio
875 2124 1105 2190 calumniante
1121 2137 1169 2190 est
1181 2137 1213 2190 et
1227 2125 1294 2190 vim
1306 2125 1390 2214 fecit
1399 2124 1506 2215 fratri
1518 2138 1554 2191 et

226 2231 358 2302 azolum
373 2243 529 2322 operatas·
543 2242 590 2297 eat
604 2232 640 2297 ia
652 2231 763 2298 medio
775 2231 901 2322 populi
912 2231 980 2314 sni,
996 2253 1072 2298 cccc
1083 2243 1239 2298 ozortuas
1257 2245 1306 2298 est
1318 2230 1355 2297 in
1371 2230 1552 2322 eta'quitete

226 2359 288 2406 sua
301 2341 331 2405 »l
347 2375 393 2388 —
407 2338 614 2407 calumniari
627 2339 649 2404 i.
665 2360 694 2405 c.
711 2337 923 2429 opprimere,
937 2338 971 2403 vi
982 2339 1033 2404 uti
1049 2342 1083 2403 et
1096 2338 1273 2415 violentia3
1290 2337 1388 2405 hebr.
1405 2338 1436 2404 si
1447 2337 1555 2426 fratri

228 2444 414 2536 quidquam
434 2445 607 2536 rapuerim
620 2445 692 2535 ipse
711 2445 771 2534 qui
783 2445 862 2512 lecit
876 2445 1106 2534 iniquitatem,
1121 2445 1156 2510 in
1168 2467 1209 2510 ea
1227 2445 1251 2512 i.
1270 2467 1300 2511 e.
1320 2449 1462 2535 propter
1475 2467 1551 2511 cam

226 2553 401 2642 punietur.

272 2656 377 2748 quue
390 2680 433 2725 ne
450 2679 524 2725 rem
537 2658 658 2726 leviter
670 2656 889 2749 perpendant
902 2661 937 2723 et
952 2657 1035 2751 quia
1053 2658 1263 2725 contrarium
1275 2658 1344 2724 iam
1363 2657 1496 2725 abierat
1512 2657 1550 2724 in

227 2766 447 2856 proverbium
458 2765 569 2832 denuo
583 2766 803 2835 vehomenter
815 2769 931 2831 monet
946 2787 980 2832 v.
994 2770 1036 2831 to
1047 2793 1063 2824 «
1077 2776 1109 2831 et
1122 2764 1234 2831 dicitis
1249 2787 1380 2855 :quare
1392 2787 1460 2831 non
1472 2786 1555 2854 por-

228 2872 310 2937 tavit
319 2870 414 2961 filias
428 2872 642 2963 iniquitatem
654 2871 787 2963 patris?
798 2870 953 2937 videlicet
965 2871 1048 2961 quin
1059 2871 1153 2960 filius
1163 2870 1330 2938 iudicium
1343 2870 1551 2938 etiustiticne

227 2991 383 3067 operatus
401 2990 460 3062 est,
485 2980 599 3046 omnio
609 2992 797 3069 praccepta
815 3000 892 3045 meo
907 2978 1088 3045 custodivit
1105 2990 1139 3045 et
1160 2978 1244 3069 [ecit
1262 2977 1343 3059 illo,
1358 2979 1447 3046 viaet
1460 2979 1553 3059 vitm·

227 3106 259 3151 v.
278 3084 450 3151 anonimo
465 3108 554 3175 qaue
567 3086 765 3175 peccaverit
777 3086 851 3174 ipso
870 3086 1054 3169 morietur,·
1066 3086 1162 3175 filias
1179 3108 1250 3151 non
1260 3084 1412 3175 portabit
1426 3084 1555 3174 iniqui-

228 3202 331 3256 tatem
340 3191 454 3281 patris
466 3204 499 3257 et
508 3204 612 3283 poter
626 3214 695 3259 aon
710 3190 862 3281 portabit
875 3191 1091 3281 iniquitatem
1102 3192 1190 3281 filie,
1207 3191 1337 3259 curtilia.
1352 3192 1434 3259 irati
1448 3212 1555 3280 super

227 3318 304 3363 eum
323 3298 387 3363 era't
403 3309 436 3363 et
458 3296 616 3387 impietas
634 3298 735 3389 impii
754 3298 817 3365 erit
840 3320 943 3388 super
963 3320 1041 3365 eane
1072 3318 1106 3378 »ς
1134 3338 1178 3347 -
1203 3298 1401 3389 explicatur,
1419 3320 1481 3365 cur
1506 3296 1555 3363 fi-

227 3402 292 3469 lius
316 3424 383 3469 non
404 3425 529 3493 poenas
549 3406 591 3471 sit
620 3404 763 3471 daturus
784 3427 848 3494 pro
871 3404 1052 3495 iniquitate
1075 3407 1199 3495 patria,
1227 3404 1299 3473 scil.
1326 3405 1408 3495 quia
1435 3404 1555 3495 pravis

225 3510 333 3599 patris
355 3510 506 3597 vestigiis
526 3532 595 3577 non
614 3510 753 3594 institia
780 3534 848 3601 quo
868 3533 1030 3601 responso
1053 3511 1190 3579 obviam
1205 3512 1233 3577 it
1255 3517 1349 3579 vates
1367 3511 1554 3578 obiectioni

227 3638 315 3705 quae
333 3637 374 3681 ex
390 3619 447 3685 Ex.
464 3622 543 3700 2θρ
560 3622 592 3683 et
606 3624 699 3699 ἔξω.
719 3622 817 3686 Num.
836 3623 949 3702 1a,18.
966 3624 1008 3685 33
1024 3619 1094 3708 peti
1110 3623 1252 3708 poterat.
1268 3618 1455 3707 Unicuique
1468 3615 1557 3682 red-

227 3722 326 3789 detur
344 3722 530 3789 secundum
547 3744 650 3814 opera
664 3745 740 3806 sua,
756 3724 842 3791 sicut
861 3724 930 3793 iam
947 3726 1107 3791 statuitur
1121 3730 1216 3793 lleut.
1232 3732 1334 3805 Palo
1352 3746 1359 3791 :
1374 3746 1442 3791 non
1456 3724 1555 3789 occi-

227 3828 352 3897 dentur
364 3833 477 3919 patres
490 3852 553 3920 pro
563 3830 642 3897 filiis
656 3852 718 3897 nec
733 3830 795 3897 filii
809 3853 873 3922 pro
887 3831 1056 3922 patribus,
1076 3831 1377 3920 sedunnsquisque
1389 3852 1453 3921 pro
1467 3850 1555 3919 pec-

226 3941 301 4003 cato
315 3957 375 4001 suo
391 3936 574 4019 morietur3
591 3935 667 4002 vide
683 3944 702 4005 t
721 3941 801 4024 Reg.
824 3944 903 4019 1t,6
918 3944 951 4004 ct
968 3941 1076 4004 2Par.
1098 3944 1190 4019 tat.
1212 3938 1427 4005 Contrarium
1446 3956 1557 4024 saepe.

225 4040 457 4129 contingebat,
475 4049 512 4109 ut
525 4042 553 4108 si
565 4045 642 4131 quis
654 4051 824 4133 peccasset
837 4044 873 4109 in
888 4065 1023 4129 regem,
1043 4045 1115 4134 ipsc
1130 4050 1163 4110 et
1180 4050 1253 4111 tota
1266 4045 1338 4110 eius
1350 4042 1477 4111 familia
1488 4063 1559 4109 ne-

225 4150 256 4215 ci
272 4148 464 4215 traderetur
471 4174 480 4235 ;
498 4148 541 4215 cf.
561 4151 653 4217 Eslh.
674 4157 766 4232 9,l3.
781 4157 863 4218 Dan.
885 4156 979 4234 aaa.
999 4155 1082 4217 Cum
1100 4172 1185 4237 ergo
1199 4153 1290 4217 inter
1309 4150 1465 4216 homines
1477 4148 1557 4217 tale.

225 4254 354 4322 valeret
374 4256 442 4335 ius,
468 4278 508 4322 eo
531 4257 642 4343 magis
661 4255 827 4323 edocendi
844 4261 941 4324 erant
964 4256 1056 4347 apud
1079 4262 1184 4325 [teum
1207 4257 1308 4323 aliter
1324 4256 1559 4325 constitutum

223 4380 293 4426 csse
312 4382 422 4449 neque
438 4360 504 4427 sibi
520 4384 616 4451 posse
631 4362 698 4429 ullo
715 4352 815 4453 pacto
833 4363 983 4431 blandiri
999 4364 1091 4454 quod
1105 4364 1214 4430 solum
1229 4386 1292 4453 pro
1306 4356 1477 4429 maiorum
1490 4360 1559 4428 de·

223 4465 311 4532 lictis
327 4489 455 4555 poenas
469 4467 591 4535 darent
607 4475 639 4534 et
655 4470 691 4535 in
703 4470 764 4536 has
783 4477 895 4538 essent
908 4470 1058 4560 prolapsi
1072 4471 1294 4537 calamitates.

223 4717 321 4753 summa
335 4706 422 4753 statim
437 4704 469 4754 ab
484 4705 558 4755 initio
572 4706 711 4757 detrahunt
725 4712 751 4757 et
764 4706 837 4771 quasi
854 4707 1041 4771 praemordcnt.
1060 4708 1110 4759 Sed
1126 4708 1188 4758 baec
1205 4706 1286 4757 nostri
1303 4707 1359 4757 arri
1378 4706 1564 4763 tocnniouum

222 4783 328 4833 artificia
342 4797 396 4835 esse
411 4784 531 4834 ridentur
546 4786 677 4837 veteribus
690 4787 733 4838 rix
745 4786 845 4850 cognita
862 4806 885 4837 a.
