<?xml version="1.0" encoding="UTF-8"?>
<!DOCTYPE html PUBLIC "-//W3C//DTD XHTML 1.0 Transitional//EN"
    "http://www.w3.org/TR/xhtml1/DTD/xhtml1-transitional.dtd">
<html xmlns="http://www.w3.org/1999/xhtml" xml:lang="en" lang="en">
 <head>
  <title>
</title>
<meta http-equiv="Content-Type" content="text/html;charset=utf-8" />
  <meta name='ocr-system' content='tesseract 3.04.00' />
  <meta name='ocr-capabilities' content='ocr_page ocr_carea ocr_par ocr_line ocrx_word'/>
</head>
<body>
  <div class='ocr_page' id='page_1' title='image "./commentariusine00knabgoog_0206.png"; bbox 0 0 3509 5425; ppageno 0'>
   <div class='ocr_carea' id='block_1_1' title="bbox 765 371 971 445">
    <p class='ocr_par' dir='ltr' id='par_1_1' title="bbox 765 371 971 445">
     <span class='ocr_line' id='line_1_1' title="bbox 765 371 971 445; baseline -0.01 -13"><span class='ocrx_word' id='word_1_1' title='bbox 765 373 814 432; x_wconf 71' lang='grc' dir='ltr'><strong>ΕΖ.</strong></span> <span class='ocrx_word' id='word_1_2' title='bbox 839 371 890 445; x_wconf 74' lang='lat'><strong>20,</strong></span> <span class='ocrx_word' id='word_1_3' title='bbox 916 373 971 431; x_wconf 75' lang='grc'><strong>1-5</strong></span> 
     </span>
    </p>
   </div>
   <div class='ocr_carea' id='block_1_2' title="bbox 467 637 1277 723">
    <p class='ocr_par' dir='ltr' id='par_1_2' title="bbox 467 637 1277 723">
     <span class='ocr_line' id='line_1_2' title="bbox 467 637 1277 723; baseline -0.002 -28"><span class='ocrx_word' id='word_1_4' title='bbox 467 644 494 705; x_wconf 87' lang='lat' dir='ltr'><strong>a)</strong></span> <span class='ocrx_word' id='word_1_5' title='bbox 514 639 651 706; x_wconf 63' lang='lat' dir='ltr'><strong>Qunam</strong></span> <span class='ocrx_word' id='word_1_6' title='bbox 665 649 703 693; x_wconf 78' lang='lat' dir='ltr'><strong>aa</strong></span> <span class='ocrx_word' id='word_1_7' title='bbox 721 641 863 704; x_wconf 77' lang='lat' dir='ltr'><strong>populus</strong></span> <span class='ocrx_word' id='word_1_8' title='bbox 877 639 1092 723; x_wconf 70' lang='lat' dir='ltr'><strong>praestiterit</strong></span> <span class='ocrx_word' id='word_1_9' title='bbox 1110 637 1166 705; x_wconf 72' lang='lat'><strong>2⁰,</strong></span> <span class='ocrx_word' id='word_1_10' title='bbox 1183 637 1277 693; x_wconf 74' lang='lat'><strong>1-81.</strong></span> 
     </span>
    </p>
   </div>
   <div class='ocr_carea' id='block_1_3' title="bbox 213 820 1535 1025">
    <p class='ocr_par' dir='ltr' id='par_1_3' title="bbox 213 820 1535 1025">
     <span class='ocr_line' id='line_1_3' title="bbox 258 820 1535 911; baseline -0.007 -15"><span class='ocrx_word' id='word_1_11' title='bbox 258 827 440 896; x_wconf 85' lang='lat' dir='ltr'><strong>Oraeulunr</strong></span> <span class='ocrx_word' id='word_1_12' title='bbox 453 824 520 892; x_wconf 90' lang='lat' dir='ltr'><strong>hoo</strong></span> <span class='ocrx_word' id='word_1_13' title='bbox 536 825 666 892; x_wconf 90' lang='lat' dir='ltr'><strong>editum</strong></span> <span class='ocrx_word' id='word_1_14' title='bbox 681 828 730 891; x_wconf 92' lang='lat' dir='ltr'><strong>est</strong></span> <span class='ocrx_word' id='word_1_15' title='bbox 748 822 882 892; x_wconf 89' lang='lat' dir='ltr'><strong>duobus</strong></span> <span class='ocrx_word' id='word_1_16' title='bbox 899 824 1000 890; x_wconf 87' lang='lat' dir='ltr'><strong>annis</strong></span> <span class='ocrx_word' id='word_1_17' title='bbox 1019 846 1089 890; x_wconf 90' lang='lat' dir='ltr'><strong>uno</strong></span> <span class='ocrx_word' id='word_1_18' title='bbox 1105 843 1219 890; x_wconf 88' lang='lat' dir='ltr'><strong>mense</strong></span> <span class='ocrx_word' id='word_1_19' title='bbox 1233 827 1267 888; x_wconf 91' lang='lat' dir='ltr'><strong>et</strong></span> <span class='ocrx_word' id='word_1_20' title='bbox 1284 821 1437 911; x_wconf 90' lang='lat' dir='ltr'><strong>quinque</strong></span> <span class='ocrx_word' id='word_1_21' title='bbox 1458 820 1535 892; x_wconf 88' lang='lat' dir='ltr'><strong>die-</strong></span> 
     </span>
     <span class='ocr_line' id='line_1_4' title="bbox 213 926 1535 1025; baseline -0.008 -22"><span class='ocrx_word' id='word_1_22' title='bbox 213 937 277 1003; x_wconf 92' lang='lat' dir='ltr'><strong>bus</strong></span> <span class='ocrx_word' id='word_1_23' title='bbox 290 939 365 1025; x_wconf 89' lang='lat' dir='ltr'><strong>post</strong></span> <span class='ocrx_word' id='word_1_24' title='bbox 384 933 596 1000; x_wconf 90' lang='lat' dir='ltr'><strong>vocationem</strong></span> <span class='ocrx_word' id='word_1_25' title='bbox 613 931 797 998; x_wconf 83' lang='lat' dir='ltr'><strong>Ezechielis</strong></span> <span class='ocrx_word' id='word_1_26' title='bbox 813 929 858 998; x_wconf 89' lang='lat' dir='ltr'><strong>ad</strong></span> <span class='ocrx_word' id='word_1_27' title='bbox 876 951 1001 997; x_wconf 89' lang='lat' dir='ltr'><strong>munus</strong></span> <span class='ocrx_word' id='word_1_28' title='bbox 1011 929 1256 1020; x_wconf 88' lang='lat' dir='ltr'><strong>propheticum</strong></span> <span class='ocrx_word' id='word_1_29' title='bbox 1273 927 1360 1018; x_wconf 63' lang='grc'><strong>(13)</strong></span> <span class='ocrx_word' id='word_1_30' title='bbox 1375 933 1410 995; x_wconf 89' lang='lat' dir='ltr'><strong>et</strong></span> <span class='ocrx_word' id='word_1_31' title='bbox 1423 926 1535 994; x_wconf 89' lang='lat' dir='ltr'><strong>unde-</strong></span> 
     </span>
    </p>
   </div>
   <div class='ocr_carea' id='block_1_4' title="bbox 87 1036 1535 1126">
    <p class='ocr_par' dir='ltr' id='par_1_4' title="bbox 87 1036 1535 1126">
     <span class='ocr_line' id='line_1_5' title="bbox 87 1036 1535 1126; baseline -0.006 -16"><span class='ocrx_word' id='word_1_32' title='bbox 87 1091 89 1096; x_wconf 83' lang='lat'><em>.</em></span> <span class='ocrx_word' id='word_1_33' title='bbox 213 1044 281 1110; x_wconf 90' lang='lat' dir='ltr'><strong>cim</strong></span> <span class='ocrx_word' id='word_1_34' title='bbox 301 1039 474 1108; x_wconf 89' lang='lat' dir='ltr'><strong>mensibus</strong></span> <span class='ocrx_word' id='word_1_35' title='bbox 490 1043 524 1104; x_wconf 91' lang='lat' dir='ltr'><strong>et</strong></span> <span class='ocrx_word' id='word_1_36' title='bbox 545 1038 696 1126; x_wconf 89' lang='lat' dir='ltr'><strong>quinque</strong></span> <span class='ocrx_word' id='word_1_37' title='bbox 716 1036 838 1104; x_wconf 88' lang='lat' dir='ltr'><strong>diebus</strong></span> <span class='ocrx_word' id='word_1_38' title='bbox 861 1042 936 1126; x_wconf 87' lang='lat' dir='ltr'><strong>post</strong></span> <span class='ocrx_word' id='word_1_39' title='bbox 954 1037 1117 1105; x_wconf 84' lang='lat' dir='ltr'><strong>visionem</strong></span> <span class='ocrx_word' id='word_1_40' title='bbox 1136 1059 1157 1104; x_wconf 89' lang='lat' dir='ltr'><strong>a</strong></span> <span class='ocrx_word' id='word_1_41' title='bbox 1174 1057 1250 1126; x_wconf 90' lang='lat' dir='ltr'><strong>cap.</strong></span> <span class='ocrx_word' id='word_1_42' title='bbox 1268 1040 1481 1103; x_wconf 78' lang='lat' dir='ltr'><strong>Dnarratam</strong></span> <span class='ocrx_word' id='word_1_43' title='bbox 1498 1041 1535 1102; x_wconf 89' lang='lat' dir='ltr'><strong>et</strong></span> 
     </span>
    </p>
   </div>
   <div class='ocr_carea' id='block_1_5' title="bbox 212 1141 1538 1446">
    <p class='ocr_par' dir='ltr' id='par_1_5' title="bbox 212 1141 1538 1446">
     <span class='ocr_line' id='line_1_6' title="bbox 213 1141 1537 1233; baseline -0.004 -18"><span class='ocrx_word' id='word_1_44' title='bbox 213 1148 347 1215; x_wconf 90' lang='lat' dir='ltr'><strong>dnobus</strong></span> <span class='ocrx_word' id='word_1_45' title='bbox 367 1145 465 1216; x_wconf 87' lang='lat' dir='ltr'><strong>annis</strong></span> <span class='ocrx_word' id='word_1_46' title='bbox 488 1149 520 1211; x_wconf 91' lang='lat' dir='ltr'><strong>et</strong></span> <span class='ocrx_word' id='word_1_47' title='bbox 537 1145 690 1233; x_wconf 87' lang='lat' dir='ltr'><strong>quinque</strong></span> <span class='ocrx_word' id='word_1_48' title='bbox 709 1143 884 1210; x_wconf 88' lang='lat' dir='ltr'><strong>mensibus</strong></span> <span class='ocrx_word' id='word_1_49' title='bbox 905 1148 983 1209; x_wconf 88' lang='lat' dir='ltr'><strong>ante</strong></span> <span class='ocrx_word' id='word_1_50' title='bbox 1001 1141 1215 1210; x_wconf 86' lang='lat' dir='ltr'>obsidionem</span> <span class='ocrx_word' id='word_1_51' title='bbox 1241 1142 1334 1209; x_wconf 87' lang='lat' dir='ltr'><strong>urbis</strong></span> <span class='ocrx_word' id='word_1_52' title='bbox 1352 1141 1537 1210; x_wconf 77' lang='lat' dir='ltr'>Ierusalem</span> 
     </span>
     <span class='ocr_line' id='line_1_7' title="bbox 212 1248 1535 1344; baseline -0.007 -21"><span class='ocrx_word' id='word_1_53' title='bbox 212 1259 385 1344; x_wconf 75' lang='lat' dir='ltr'>inceptam</span> <span class='ocrx_word' id='word_1_54' title='bbox 399 1253 525 1342; x_wconf 78' lang='lat' dir='ltr'><strong>(et,1);</strong></span> <span class='ocrx_word' id='word_1_55' title='bbox 540 1272 620 1318; x_wconf 90' lang='lat' dir='ltr'><strong>nam</strong></span> <span class='ocrx_word' id='word_1_56' title='bbox 636 1259 668 1316; x_wconf 83' lang='grc' dir='ltr'><strong>ν’.</strong></span> <span class='ocrx_word' id='word_1_57' title='bbox 688 1257 702 1318; x_wconf 89' lang='grc'><strong>1</strong></span> <span class='ocrx_word' id='word_1_58' title='bbox 725 1280 740 1312; x_wconf 73' lang='lat' dir='ltr'><strong>a</strong></span> <span class='ocrx_word' id='word_1_59' title='bbox 757 1252 803 1317; x_wconf 75' lang='lat' dir='ltr'><strong>lit</strong></span> <span class='ocrx_word' id='word_1_60' title='bbox 816 1252 951 1340; x_wconf 79' lang='lat' dir='ltr'><strong>sortem</strong></span> <span class='ocrx_word' id='word_1_61' title='bbox 963 1259 1012 1316; x_wconf 81' lang='lat' dir='ltr'><strong>est</strong></span> <span class='ocrx_word' id='word_1_62' title='bbox 1027 1249 1064 1316; x_wconf 78' lang='lat' dir='ltr'><strong>in</strong></span> <span class='ocrx_word' id='word_1_63' title='bbox 1075 1272 1166 1317; x_wconf 82' lang='lat' dir='ltr'><strong>anno</strong></span> <span class='ocrx_word' id='word_1_64' title='bbox 1180 1249 1337 1340; x_wconf 83' lang='lat' dir='ltr'><strong>septimo,</strong></span> <span class='ocrx_word' id='word_1_65' title='bbox 1352 1248 1390 1315; x_wconf 81' lang='lat' dir='ltr'><strong>ie</strong></span> <span class='ocrx_word' id='word_1_66' title='bbox 1400 1248 1535 1339; x_wconf 80' lang='lat' dir='ltr'><strong>quinto,</strong></span> 
     </span>
     <span class='ocr_line' id='line_1_8' title="bbox 214 1355 1538 1446; baseline -0.005 -17"><span class='ocrx_word' id='word_1_67' title='bbox 214 1363 249 1430; x_wconf 79' lang='lat' dir='ltr'><strong>ia</strong></span> <span class='ocrx_word' id='word_1_68' title='bbox 271 1361 404 1428; x_wconf 84' lang='lat' dir='ltr'><strong>decimo</strong></span> <span class='ocrx_word' id='word_1_69' title='bbox 422 1358 546 1425; x_wconf 69' lang='lat' dir='ltr'><strong>aeclesis</strong></span> <span class='ocrx_word' id='word_1_70' title='bbox 565 1368 729 1424; x_wconf 74' lang='lat' dir='ltr'><strong>verterant</strong></span> <span class='ocrx_word' id='word_1_71' title='bbox 743 1356 863 1424; x_wconf 76' lang='lat' dir='ltr'><strong>viride</strong></span> <span class='ocrx_word' id='word_1_72' title='bbox 882 1355 1070 1426; x_wconf 77' lang='lat' dir='ltr'><strong>senioribus</strong></span> <span class='ocrx_word' id='word_1_73' title='bbox 1088 1357 1212 1439; x_wconf 84' lang='lat' dir='ltr'><strong>lsrael,</strong></span> <span class='ocrx_word' id='word_1_74' title='bbox 1232 1368 1272 1422; x_wconf 80' lang='lat' dir='ltr'><strong>ut</strong></span> <span class='ocrx_word' id='word_1_75' title='bbox 1290 1356 1538 1446; x_wconf 68' lang='lat' dir='ltr'><strong>eitterroparent</strong></span> 
     </span>
    </p>
   </div>
   <div class='ocr_carea' id='block_1_6' title="bbox 91 1461 1539 1560">
    <p class='ocr_par' dir='ltr' id='par_1_6' title="bbox 91 1461 1539 1560">
     <span class='ocr_line' id='line_1_9' title="bbox 91 1461 1539 1560; baseline -0.004 -24"><span class='ocrx_word' id='word_1_76' title='bbox 91 1461 100 1470; x_wconf 63' lang='lat'><strong>.,</strong></span> <span class='ocrx_word' id='word_1_77' title='bbox 146 1549 148 1560; x_wconf 16' lang='grc' dir='ltr'><strong>ἒ</strong></span> <span class='ocrx_word' id='word_1_78' title='bbox 215 1468 398 1544; x_wconf 76' lang='lat' dir='ltr'><strong>Dominum</strong></span> <span class='ocrx_word' id='word_1_79' title='bbox 420 1478 452 1532; x_wconf 82' lang='lat' dir='ltr'><strong>et</strong></span> <span class='ocrx_word' id='word_1_80' title='bbox 472 1464 632 1532; x_wconf 81' lang='lat' dir='ltr'><strong>sederunt</strong></span> <span class='ocrx_word' id='word_1_81' title='bbox 651 1487 765 1547; x_wconf 78' lang='lat' dir='ltr'><strong>coram</strong></span> <span class='ocrx_word' id='word_1_82' title='bbox 787 1463 1539 1554; x_wconf 52' lang='lat' dir='ltr'><strong>metu-cf.1t,1;annoscil.septimoa</strong></span> 
     </span>
    </p>
   </div>
   <div class='ocr_carea' id='block_1_7' title="bbox 176 1569 1545 4737">
    <p class='ocr_par' dir='ltr' id='par_1_7' title="bbox 212 1569 1543 4327">
     <span class='ocr_line' id='line_1_10' title="bbox 215 1569 1538 1661; baseline -0.005 -19"><span class='ocrx_word' id='word_1_83' title='bbox 215 1573 516 1660; x_wconf 81' lang='lat' dir='ltr'><strong>transmigratione</strong></span> <span class='ocrx_word' id='word_1_84' title='bbox 530 1571 583 1637; x_wconf 89' lang='lat' dir='ltr'><strong>vel</strong></span> <span class='ocrx_word' id='word_1_85' title='bbox 599 1570 834 1660; x_wconf 74' lang='lat' dir='ltr'><strong>deportatione</strong></span> <span class='ocrx_word' id='word_1_86' title='bbox 845 1570 987 1646; x_wconf 90' lang='lat' dir='ltr'><strong>loachin</strong></span> <span class='ocrx_word' id='word_1_87' title='bbox 1006 1569 1148 1661; x_wconf 58' lang='lat' dir='ltr'><strong>registi</strong></span> <span class='ocrx_word' id='word_1_88' title='bbox 1165 1575 1248 1657; x_wconf 86' lang='lat' dir='ltr'><strong>Reg.</strong></span> <span class='ocrx_word' id='word_1_89' title='bbox 1265 1572 1538 1657; x_wconf 69' lang='lat' dir='ltr'><strong>Dt,15).0racu·</strong></span> 
     </span>
     <span class='ocr_line' id='line_1_11' title="bbox 216 1676 1540 1767; baseline -0.005 -19"><span class='ocrx_word' id='word_1_90' title='bbox 216 1681 288 1748; x_wconf 89' lang='lat' dir='ltr'><strong>lum</strong></span> <span class='ocrx_word' id='word_1_91' title='bbox 309 1679 441 1746; x_wconf 88' lang='lat' dir='ltr'><strong>Domini</strong></span> <span class='ocrx_word' id='word_1_92' title='bbox 461 1681 624 1767; x_wconf 82' lang='lat' dir='ltr'><strong>expetunt</strong></span> <span class='ocrx_word' id='word_1_93' title='bbox 642 1677 708 1743; x_wconf 93' lang='lat' dir='ltr'><strong>viri</strong></span> <span class='ocrx_word' id='word_1_94' title='bbox 725 1676 912 1744; x_wconf 87' lang='lat' dir='ltr'><strong>nobiliores</strong></span> <span class='ocrx_word' id='word_1_95' title='bbox 927 1683 960 1744; x_wconf 89' lang='lat' dir='ltr'><strong>et</strong></span> <span class='ocrx_word' id='word_1_96' title='bbox 973 1677 1212 1763; x_wconf 80' lang='lat' dir='ltr'><strong>magistratus3</strong></span> <span class='ocrx_word' id='word_1_97' title='bbox 1230 1676 1320 1742; x_wconf 91' lang='lat' dir='ltr'><strong>unde</strong></span> <span class='ocrx_word' id='word_1_98' title='bbox 1332 1677 1540 1767; x_wconf 87' lang='lat' dir='ltr'><strong>prophetam</strong></span> 
     </span>
     <span class='ocr_line' id='line_1_12' title="bbox 215 1782 1538 1874; baseline -0.003 -20"><span class='ocrx_word' id='word_1_99' title='bbox 215 1790 285 1856; x_wconf 92' lang='lat' dir='ltr'><strong>iam</strong></span> <span class='ocrx_word' id='word_1_100' title='bbox 298 1785 444 1854; x_wconf 87' lang='lat' dir='ltr'><strong>multum</strong></span> <span class='ocrx_word' id='word_1_101' title='bbox 456 1785 656 1852; x_wconf 90' lang='lat' dir='ltr'><strong>auctoritate</strong></span> <span class='ocrx_word' id='word_1_102' title='bbox 668 1783 814 1850; x_wconf 89' lang='lat' dir='ltr'><strong>valuisse</strong></span> <span class='ocrx_word' id='word_1_103' title='bbox 828 1789 931 1874; x_wconf 87' lang='lat' dir='ltr'><strong>patet.</strong></span> <span class='ocrx_word' id='word_1_104' title='bbox 948 1783 1014 1851; x_wconf 89' lang='lat' dir='ltr'><strong>Sed</strong></span> <span class='ocrx_word' id='word_1_105' title='bbox 1025 1784 1160 1850; x_wconf 85' lang='lat' dir='ltr'><strong>Domini</strong></span> <span class='ocrx_word' id='word_1_106' title='bbox 1169 1803 1373 1873; x_wconf 89' lang='lat' dir='ltr'><strong>responsum</strong></span> <span class='ocrx_word' id='word_1_107' title='bbox 1382 1789 1431 1850; x_wconf 87' lang='lat' dir='ltr'><strong>est</strong></span> <span class='ocrx_word' id='word_1_108' title='bbox 1444 1782 1538 1850; x_wconf 93' lang='lat' dir='ltr'><strong>idem</strong></span> 
     </span>
     <span class='ocr_line' id='line_1_13' title="bbox 216 1889 1539 1984; baseline -0.005 -22"><span class='ocrx_word' id='word_1_109' title='bbox 216 1893 309 1984; x_wconf 89' lang='lat' dir='ltr'><strong>quod</strong></span> <span class='ocrx_word' id='word_1_110' title='bbox 326 1897 415 1974; x_wconf 80' lang='grc' dir='ltr'>1ῐι,3.</span> <span class='ocrx_word' id='word_1_111' title='bbox 433 1891 528 1968; x_wconf 82' lang='lat' dir='ltr'><strong>Quod</strong></span> <span class='ocrx_word' id='word_1_112' title='bbox 542 1890 585 1958; x_wconf 92' lang='lat' dir='ltr'><strong>de</strong></span> <span class='ocrx_word' id='word_1_113' title='bbox 600 1897 688 1957; x_wconf 87' lang='lat' dir='ltr'><strong>sorte</strong></span> <span class='ocrx_word' id='word_1_114' title='bbox 703 1891 818 1958; x_wconf 88' lang='lat' dir='ltr'><strong>lutura</strong></span> <span class='ocrx_word' id='word_1_115' title='bbox 833 1895 906 1957; x_wconf 91' lang='lat' dir='ltr'><strong>erat</strong></span> <span class='ocrx_word' id='word_1_116' title='bbox 920 1890 1212 1972; x_wconf 86' lang='lat' dir='ltr'><strong>annuntiandum,</strong></span> <span class='ocrx_word' id='word_1_117' title='bbox 1232 1891 1302 1958; x_wconf 87' lang='lat' dir='ltr'><strong>iam</strong></span> <span class='ocrx_word' id='word_1_118' title='bbox 1317 1889 1448 1957; x_wconf 87' lang='lat' dir='ltr'><strong>dudam</strong></span> <span class='ocrx_word' id='word_1_119' title='bbox 1464 1889 1539 1956; x_wconf 87' lang='lat' dir='ltr'><strong>dic-</strong></span> 
     </span>
     <span class='ocr_line' id='line_1_14' title="bbox 214 1996 1540 2089; baseline -0.003 -21"><span class='ocrx_word' id='word_1_120' title='bbox 214 2007 289 2068; x_wconf 89' lang='lat' dir='ltr'><strong>tum</strong></span> <span class='ocrx_word' id='word_1_121' title='bbox 317 2005 384 2080; x_wconf 86' lang='lat' dir='ltr'><strong>est;</strong></span> <span class='ocrx_word' id='word_1_122' title='bbox 414 1997 617 2089; x_wconf 85' lang='lat' dir='ltr'><strong>praeprimis</strong></span> <span class='ocrx_word' id='word_1_123' title='bbox 652 1998 854 2086; x_wconf 83' lang='lat' dir='ltr'><strong>requiritur,</strong></span> <span class='ocrx_word' id='word_1_124' title='bbox 887 2003 923 2065; x_wconf 90' lang='lat' dir='ltr'><strong>ut</strong></span> <span class='ocrx_word' id='word_1_125' title='bbox 950 1997 1079 2065; x_wconf 87' lang='lat' dir='ltr'><strong>scelera</strong></span> <span class='ocrx_word' id='word_1_126' title='bbox 1115 1996 1327 2065; x_wconf 87' lang='lat' dir='ltr'><strong>detestentur</strong></span> <span class='ocrx_word' id='word_1_127' title='bbox 1357 2018 1540 2087; x_wconf 88' lang='lat' dir='ltr'><strong>moresque</strong></span> 
     </span>
     <span class='ocr_line' id='line_1_15' title="bbox 217 2103 1538 2192; baseline -0.003 -17"><span class='ocrx_word' id='word_1_128' title='bbox 217 2105 413 2176; x_wconf 87' lang='lat' dir='ltr'><strong>emendent.</strong></span> <span class='ocrx_word' id='word_1_129' title='bbox 431 2104 525 2171; x_wconf 87' lang='lat' dir='ltr'><strong>Unde</strong></span> <span class='ocrx_word' id='word_1_130' title='bbox 541 2127 573 2172; x_wconf 93' lang='lat' dir='ltr'><strong>v.</strong></span> <span class='ocrx_word' id='word_1_131' title='bbox 591 2111 612 2170; x_wconf 70' lang='lat' dir='ltr'><strong>D</strong></span> <span class='ocrx_word' id='word_1_132' title='bbox 630 2133 645 2164; x_wconf 92' lang='lat'>«</span> <span class='ocrx_word' id='word_1_133' title='bbox 664 2115 698 2170; x_wconf 83' lang='lat' dir='ltr'><strong>et</strong></span> <span class='ocrx_word' id='word_1_134' title='bbox 712 2103 827 2192; x_wconf 80' lang='lat' dir='ltr'><strong>foetas</strong></span> <span class='ocrx_word' id='word_1_135' title='bbox 843 2115 893 2170; x_wconf 86' lang='lat' dir='ltr'><strong>est</strong></span> <span class='ocrx_word' id='word_1_136' title='bbox 905 2127 1014 2170; x_wconf 81' lang='lat' dir='ltr'><strong>sermo</strong></span> <span class='ocrx_word' id='word_1_137' title='bbox 1029 2103 1169 2171; x_wconf 81' lang='lat' dir='ltr'><strong>Domini</strong></span> <span class='ocrx_word' id='word_1_138' title='bbox 1180 2103 1229 2172; x_wconf 84' lang='lat' dir='ltr'><strong>od</strong></span> <span class='ocrx_word' id='word_1_139' title='bbox 1240 2125 1294 2172; x_wconf 87' lang='lat' dir='ltr'><strong>me</strong></span> <span class='ocrx_word' id='word_1_140' title='bbox 1310 2103 1425 2170; x_wconf 70' lang='lat' dir='ltr'><strong>diceas</strong></span> <span class='ocrx_word' id='word_1_141' title='bbox 1438 2126 1450 2170; x_wconf 93' lang='grc'><strong>.·</strong></span> <span class='ocrx_word' id='word_1_142' title='bbox 1464 2126 1497 2171; x_wconf 88' lang='lat' dir='ltr'><strong>v.</strong></span> <span class='ocrx_word' id='word_1_143' title='bbox 1515 2110 1538 2171; x_wconf 83' lang='lat'><strong>3</strong></span> 
     </span>
     <span class='ocr_line' id='line_1_16' title="bbox 212 2209 1540 2302; baseline -0.002 -22"><span class='ocrx_word' id='word_1_144' title='bbox 212 2213 270 2302; x_wconf 75' lang='lat' dir='ltr'><strong>fili</strong></span> <span class='ocrx_word' id='word_1_145' title='bbox 279 2211 438 2291; x_wconf 77' lang='lat' dir='ltr'><strong>henricis,</strong></span> <span class='ocrx_word' id='word_1_146' title='bbox 456 2210 591 2300; x_wconf 80' lang='lat' dir='ltr'><strong>loquere</strong></span> <span class='ocrx_word' id='word_1_147' title='bbox 604 2209 790 2278; x_wconf 71' lang='lat' dir='ltr'><strong>semoribus</strong></span> <span class='ocrx_word' id='word_1_148' title='bbox 803 2211 912 2278; x_wconf 84' lang='lat' dir='ltr'><strong>lsrael</strong></span> <span class='ocrx_word' id='word_1_149' title='bbox 924 2224 958 2277; x_wconf 85' lang='lat' dir='ltr'><strong>et</strong></span> <span class='ocrx_word' id='word_1_150' title='bbox 970 2210 1061 2278; x_wconf 79' lang='lat' dir='ltr'><strong>dices</strong></span> <span class='ocrx_word' id='word_1_151' title='bbox 1074 2210 1123 2278; x_wconf 84' lang='lat' dir='ltr'><strong>ad</strong></span> <span class='ocrx_word' id='word_1_152' title='bbox 1132 2233 1189 2278; x_wconf 85' lang='lat' dir='ltr'><strong>eos</strong></span> <span class='ocrx_word' id='word_1_153' title='bbox 1204 2232 1216 2277; x_wconf 91' lang='lat'><strong>.·</strong></span> <span class='ocrx_word' id='word_1_154' title='bbox 1230 2211 1315 2278; x_wconf 79' lang='lat' dir='ltr'><strong>laec</strong></span> <span class='ocrx_word' id='word_1_155' title='bbox 1328 2210 1411 2278; x_wconf 81' lang='lat' dir='ltr'><strong>dicit</strong></span> <span class='ocrx_word' id='word_1_156' title='bbox 1424 2209 1540 2278; x_wconf 82' lang='lat' dir='ltr'><strong>Domi-</strong></span> 
     </span>
     <span class='ocr_line' id='line_1_17' title="bbox 215 2315 1539 2407; baseline -0.002 -22"><span class='ocrx_word' id='word_1_157' title='bbox 215 2344 279 2388; x_wconf 78' lang='lat' dir='ltr'><strong>nus</strong></span> <span class='ocrx_word' id='word_1_158' title='bbox 291 2323 381 2386; x_wconf 82' lang='lat' dir='ltr'><strong>Deus</strong></span> <span class='ocrx_word' id='word_1_159' title='bbox 394 2341 405 2386; x_wconf 92' lang='lat'><em>:</em></span> <span class='ocrx_word' id='word_1_160' title='bbox 419 2315 589 2407; x_wconf 77' lang='lat' dir='ltr'><strong>numquid</strong></span> <span class='ocrx_word' id='word_1_161' title='bbox 600 2315 648 2383; x_wconf 87' lang='lat' dir='ltr'><strong>od</strong></span> <span class='ocrx_word' id='word_1_162' title='bbox 662 2317 943 2407; x_wconf 77' lang='lat' dir='ltr'><strong>r&#39;aterropondum</strong></span> <span class='ocrx_word' id='word_1_163' title='bbox 959 2340 1014 2384; x_wconf 78' lang='lat' dir='ltr'><strong>me</strong></span> <span class='ocrx_word' id='word_1_164' title='bbox 1030 2340 1088 2384; x_wconf 85' lang='lat' dir='ltr'><strong>eos</strong></span> <span class='ocrx_word' id='word_1_165' title='bbox 1102 2317 1264 2385; x_wconf 71' lang='lat' dir='ltr'><strong>remotis?</strong></span> <span class='ocrx_word' id='word_1_166' title='bbox 1281 2318 1356 2384; x_wconf 80' lang='grc' dir='ltr'><strong><em>υίυο</em></strong></span> <span class='ocrx_word' id='word_1_167' title='bbox 1375 2339 1436 2406; x_wconf 76' lang='lat' dir='ltr'><strong>epo</strong></span> <span class='ocrx_word' id='word_1_168' title='bbox 1453 2316 1539 2407; x_wconf 71' lang='lat' dir='ltr'><strong>qma</strong></span> 
     </span>
     <span class='ocr_line' id='line_1_18' title="bbox 216 2422 1540 2516; baseline -0.002 -23"><span class='ocrx_word' id='word_1_169' title='bbox 216 2450 283 2494; x_wconf 80' lang='lat' dir='ltr'><strong>noa</strong></span> <span class='ocrx_word' id='word_1_170' title='bbox 304 2423 509 2516; x_wconf 75' lang='lat' dir='ltr'><strong>respondebo</strong></span> <span class='ocrx_word' id='word_1_171' title='bbox 532 2422 640 2504; x_wconf 82' lang='lat' dir='ltr'><strong>vobis,</strong></span> <span class='ocrx_word' id='word_1_172' title='bbox 661 2424 710 2490; x_wconf 81' lang='lat' dir='ltr'><strong>ait</strong></span> <span class='ocrx_word' id='word_1_173' title='bbox 733 2424 898 2490; x_wconf 78' lang='lat' dir='ltr'><strong>Dominus</strong></span> <span class='ocrx_word' id='word_1_174' title='bbox 918 2427 1008 2490; x_wconf 82' lang='lat' dir='ltr'><strong>Deus</strong></span> <span class='ocrx_word' id='word_1_175' title='bbox 1028 2444 1063 2501; x_wconf 74' lang='grc' dir='ltr'><strong>»ς</strong></span> <span class='ocrx_word' id='word_1_176' title='bbox 1086 2463 1132 2474; x_wconf 92' lang='lat'><em>-</em></span> <span class='ocrx_word' id='word_1_177' title='bbox 1153 2447 1212 2490; x_wconf 86' lang='lat' dir='ltr'><strong>eos</strong></span> <span class='ocrx_word' id='word_1_178' title='bbox 1234 2425 1466 2514; x_wconf 83' lang='lat' dir='ltr'><strong>emphaticam</strong></span> <span class='ocrx_word' id='word_1_179' title='bbox 1488 2428 1540 2490; x_wconf 85' lang='lat' dir='ltr'><strong>est</strong></span> 
     </span>
     <span class='ocr_line' id='line_1_19' title="bbox 217 2530 1539 2624; baseline -0.002 -24"><span class='ocrx_word' id='word_1_180' title='bbox 217 2535 314 2624; x_wconf 84' lang='lat' dir='ltr'><strong>quasi</strong></span> <span class='ocrx_word' id='word_1_181' title='bbox 331 2533 423 2600; x_wconf 89' lang='lat' dir='ltr'><strong>dicat</strong></span> <span class='ocrx_word' id='word_1_182' title='bbox 445 2555 452 2596; x_wconf 92' lang='lat'><strong>:</strong></span> <span class='ocrx_word' id='word_1_183' title='bbox 477 2552 536 2598; x_wconf 90' lang='lat' dir='ltr'><strong>vos</strong></span> <span class='ocrx_word' id='word_1_184' title='bbox 560 2531 691 2598; x_wconf 87' lang='lat' dir='ltr'><strong>scelesti</strong></span> <span class='ocrx_word' id='word_1_185' title='bbox 710 2536 743 2597; x_wconf 91' lang='lat' dir='ltr'><strong>et</strong></span> <span class='ocrx_word' id='word_1_186' title='bbox 766 2532 879 2597; x_wconf 91' lang='lat' dir='ltr'><strong>onusti</strong></span> <span class='ocrx_word' id='word_1_187' title='bbox 900 2532 1050 2622; x_wconf 89' lang='lat' dir='ltr'><strong>peccatis</strong></span> <span class='ocrx_word' id='word_1_188' title='bbox 1069 2531 1210 2599; x_wconf 91' lang='lat' dir='ltr'><strong>venistis</strong></span> <span class='ocrx_word' id='word_1_189' title='bbox 1228 2530 1273 2598; x_wconf 94' lang='lat' dir='ltr'><strong>ad</strong></span> <span class='ocrx_word' id='word_1_190' title='bbox 1290 2531 1539 2598; x_wconf 88' lang='lat' dir='ltr'><strong>consulendum</strong></span> 
     </span>
     <span class='ocr_line' id='line_1_20' title="bbox 218 2637 1537 2731; baseline -0.004 -23"><span class='ocrx_word' id='word_1_191' title='bbox 218 2641 321 2731; x_wconf 84' lang='lat' dir='ltr'><strong>(Mor.</strong></span> <span class='ocrx_word' id='word_1_192' title='bbox 343 2637 483 2727; x_wconf 51' lang='lat' dir='ltr'><strong>,trater</strong></span> <span class='ocrx_word' id='word_1_193' title='bbox 503 2666 518 2698; x_wconf 72' lang='grc' dir='ltr'>α</span> <span class='ocrx_word' id='word_1_194' title='bbox 538 2638 661 2704; x_wconf 85' lang='lat' dir='ltr'><strong>sanctis</strong></span> <span class='ocrx_word' id='word_1_195' title='bbox 680 2641 714 2704; x_wconf 90' lang='lat' dir='ltr'><strong>et</strong></span> <span class='ocrx_word' id='word_1_196' title='bbox 734 2659 887 2725; x_wconf 88' lang='lat' dir='ltr'><strong>congrua</strong></span> <span class='ocrx_word' id='word_1_197' title='bbox 905 2638 1198 2726; x_wconf 79' lang='lat' dir='ltr'><strong>interrogantibus</strong></span> <span class='ocrx_word' id='word_1_198' title='bbox 1212 2637 1316 2706; x_wconf 89' lang='lat' dir='ltr'><strong>datur</strong></span> <span class='ocrx_word' id='word_1_199' title='bbox 1332 2638 1537 2729; x_wconf 88' lang='lat' dir='ltr'><strong>promissio:</strong></span> 
     </span>
     <span class='ocr_line' id='line_1_21' title="bbox 217 2744 1541 2835; baseline -0.002 -20"><span class='ocrx_word' id='word_1_200' title='bbox 217 2748 331 2815; x_wconf 90' lang='lat' dir='ltr'><strong>adhuc</strong></span> <span class='ocrx_word' id='word_1_201' title='bbox 353 2746 515 2835; x_wconf 89' lang='lat' dir='ltr'><strong>loquente</strong></span> <span class='ocrx_word' id='word_1_202' title='bbox 539 2748 572 2811; x_wconf 90' lang='lat' dir='ltr'><strong>te</strong></span> <span class='ocrx_word' id='word_1_203' title='bbox 594 2744 706 2812; x_wconf 90' lang='lat' dir='ltr'><strong>dicam</strong></span> <span class='ocrx_word' id='word_1_204' title='bbox 730 2766 738 2813; x_wconf 88' lang='lat'>:</span> <span class='ocrx_word' id='word_1_205' title='bbox 765 2766 844 2811; x_wconf 89' lang='lat' dir='ltr'><strong>ecce</strong></span> <span class='ocrx_word' id='word_1_206' title='bbox 865 2744 1005 2828; x_wconf 89' lang='lat' dir='ltr'><strong>adsum;</strong></span> <span class='ocrx_word' id='word_1_207' title='bbox 1029 2745 1266 2835; x_wconf 84' lang='lat' dir='ltr'><strong>peccatoribus</strong></span> <span class='ocrx_word' id='word_1_208' title='bbox 1286 2752 1403 2814; x_wconf 87' lang='lat' dir='ltr'><strong>antem</strong></span> <span class='ocrx_word' id='word_1_209' title='bbox 1423 2745 1541 2835; x_wconf 84' lang='lat' dir='ltr'><strong>quales</strong></span> 
     </span>
     <span class='ocr_line' id='line_1_22' title="bbox 216 2850 1542 2943; baseline -0.002 -22"><span class='ocrx_word' id='word_1_210' title='bbox 216 2855 357 2922; x_wconf 85' lang='lat' dir='ltr'><strong>luerunt</strong></span> <span class='ocrx_word' id='word_1_211' title='bbox 375 2852 524 2920; x_wconf 91' lang='lat' dir='ltr'><strong>seniores</strong></span> <span class='ocrx_word' id='word_1_212' title='bbox 544 2850 646 2918; x_wconf 87' lang='lat' dir='ltr'><strong>lsrael</strong></span> <span class='ocrx_word' id='word_1_213' title='bbox 660 2857 693 2918; x_wconf 89' lang='lat' dir='ltr'><strong>et</strong></span> <span class='ocrx_word' id='word_1_214' title='bbox 712 2874 861 2942; x_wconf 88' lang='lat' dir='ltr'><strong>quorum</strong></span> <span class='ocrx_word' id='word_1_215' title='bbox 876 2853 1004 2920; x_wconf 89' lang='lat' dir='ltr'><strong>scelera</strong></span> <span class='ocrx_word' id='word_1_216' title='bbox 1017 2852 1054 2919; x_wconf 91' lang='lat' dir='ltr'><strong>in</strong></span> <span class='ocrx_word' id='word_1_217' title='bbox 1071 2852 1358 2943; x_wconf 84' lang='lat' dir='ltr'><strong>consequentibus</strong></span> <span class='ocrx_word' id='word_1_218' title='bbox 1371 2852 1542 2943; x_wconf 87' lang='lat' dir='ltr'><strong>propheta</strong></span> 
     </span>
     <span class='ocr_line' id='line_1_23' title="bbox 217 2956 1542 3050; baseline 0 -23"><span class='ocrx_word' id='word_1_219' title='bbox 217 2959 396 3042; x_wconf 86' lang='lat' dir='ltr'><strong>describit,</strong></span> <span class='ocrx_word' id='word_1_220' title='bbox 414 2981 481 3025; x_wconf 89' lang='lat' dir='ltr'><strong>non</strong></span> <span class='ocrx_word' id='word_1_221' title='bbox 497 2957 598 3025; x_wconf 91' lang='lat' dir='ltr'><strong>datur</strong></span> <span class='ocrx_word' id='word_1_222' title='bbox 618 2958 806 3048; x_wconf 87' lang='lat' dir='ltr'><strong>responsio,</strong></span> <span class='ocrx_word' id='word_1_223' title='bbox 832 2956 890 3026; x_wconf 87' lang='lat' dir='ltr'><strong>sed</strong></span> <span class='ocrx_word' id='word_1_224' title='bbox 915 2959 1103 3049; x_wconf 86' lang='lat' dir='ltr'><strong>increpatio</strong></span> <span class='ocrx_word' id='word_1_225' title='bbox 1123 2960 1369 3050; x_wconf 87' lang='lat' dir='ltr'><strong>propeccatis,</strong></span> <span class='ocrx_word' id='word_1_226' title='bbox 1390 2966 1424 3027; x_wconf 89' lang='lat' dir='ltr'><strong>et</strong></span> <span class='ocrx_word' id='word_1_227' title='bbox 1443 2958 1542 3027; x_wconf 87' lang='lat' dir='ltr'><strong>addit</strong></span> 
     </span>
     <span class='ocr_line' id='line_1_24' title="bbox 217 3064 1539 3155; baseline 0 -20"><span class='ocrx_word' id='word_1_228' title='bbox 217 3065 478 3135; x_wconf 86' lang='lat' dir='ltr'><strong>iusiurandum:</strong></span> <span class='ocrx_word' id='word_1_229' title='bbox 492 3064 570 3131; x_wconf 93' lang='lat' dir='ltr'><strong>vivo</strong></span> <span class='ocrx_word' id='word_1_230' title='bbox 585 3086 662 3151; x_wconf 90' lang='lat' dir='ltr'><strong>ego,</strong></span> <span class='ocrx_word' id='word_1_231' title='bbox 680 3070 717 3131; x_wconf 88' lang='lat' dir='ltr'><strong>ut</strong></span> <span class='ocrx_word' id='word_1_232' title='bbox 731 3065 863 3131; x_wconf 87' lang='lat' dir='ltr'><strong>firmior</strong></span> <span class='ocrx_word' id='word_1_233' title='bbox 872 3067 915 3132; x_wconf 91' lang='lat' dir='ltr'><strong>sit</strong></span> <span class='ocrx_word' id='word_1_234' title='bbox 926 3067 1094 3133; x_wconf 88' lang='lat' dir='ltr'><strong>sententia</strong></span> <span class='ocrx_word' id='word_1_235' title='bbox 1102 3065 1304 3155; x_wconf 88' lang='lat' dir='ltr'><strong>denegantis</strong></span> <span class='ocrx_word' id='word_1_236' title='bbox 1315 3093 1332 3127; x_wconf 79' lang='lat' dir='ltr'><strong>a</strong></span> <span class='ocrx_word' id='word_1_237' title='bbox 1351 3066 1400 3155; x_wconf 80' lang='lat' dir='ltr'><strong>(S.</strong></span> <span class='ocrx_word' id='word_1_238' title='bbox 1413 3067 1539 3153; x_wconf 60' lang='lat' dir='ltr'><strong>Hier).</strong></span> 
     </span>
     <span class='ocr_line' id='line_1_25' title="bbox 217 3171 1540 3264; baseline -0.001 -23"><span class='ocrx_word' id='word_1_239' title='bbox 217 3180 282 3241; x_wconf 91' lang='lat' dir='ltr'><strong>Pro</strong></span> <span class='ocrx_word' id='word_1_240' title='bbox 296 3174 513 3263; x_wconf 91' lang='lat' dir='ltr'><strong>responsione</strong></span> <span class='ocrx_word' id='word_1_241' title='bbox 533 3171 675 3239; x_wconf 88' lang='lat' dir='ltr'><strong>audiant</strong></span> <span class='ocrx_word' id='word_1_242' title='bbox 690 3172 990 3260; x_wconf 88' lang='lat' dir='ltr'><strong>reprehensionem</strong></span> <span class='ocrx_word' id='word_1_243' title='bbox 1003 3179 1038 3239; x_wconf 89' lang='lat' dir='ltr'><strong>et</strong></span> <span class='ocrx_word' id='word_1_244' title='bbox 1051 3173 1320 3264; x_wconf 85' lang='lat' dir='ltr'><strong>increpationem</strong></span> <span class='ocrx_word' id='word_1_245' title='bbox 1332 3196 1366 3241; x_wconf 90' lang='lat' dir='ltr'><strong>v.</strong></span> <span class='ocrx_word' id='word_1_246' title='bbox 1384 3180 1403 3242; x_wconf 79' lang='lat' dir='ltr'><strong>l</strong></span> <span class='ocrx_word' id='word_1_247' title='bbox 1420 3202 1437 3235; x_wconf 88' lang='lat'>«</span> <span class='ocrx_word' id='word_1_248' title='bbox 1448 3173 1480 3240; x_wconf 82' lang='lat' dir='ltr'><strong>si</strong></span> <span class='ocrx_word' id='word_1_249' title='bbox 1485 3173 1540 3239; x_wconf 83' lang='lat' dir='ltr'><strong>ia-</strong></span> 
     </span>
     <span class='ocr_line' id='line_1_26' title="bbox 218 3276 1542 3371; baseline 0 -24"><span class='ocrx_word' id='word_1_250' title='bbox 218 3280 313 3347; x_wconf 82' lang='lat' dir='ltr'><strong>dicas</strong></span> <span class='ocrx_word' id='word_1_251' title='bbox 328 3302 400 3358; x_wconf 87' lang='lat' dir='ltr'><strong>eos,</strong></span> <span class='ocrx_word' id='word_1_252' title='bbox 416 3278 447 3343; x_wconf 81' lang='lat' dir='ltr'><strong>si</strong></span> <span class='ocrx_word' id='word_1_253' title='bbox 456 3276 586 3346; x_wconf 81' lang='lat' dir='ltr'><strong>iudices</strong></span> <span class='ocrx_word' id='word_1_254' title='bbox 596 3277 655 3366; x_wconf 77' lang='lat' dir='ltr'><strong>fili</strong></span> <span class='ocrx_word' id='word_1_255' title='bbox 665 3277 828 3359; x_wconf 80' lang='lat' dir='ltr'><strong>bominis,</strong></span> <span class='ocrx_word' id='word_1_256' title='bbox 844 3277 1111 3346; x_wconf 61' lang='lat' dir='ltr'><strong>obcaecationes</strong></span> <span class='ocrx_word' id='word_1_257' title='bbox 1119 3292 1263 3371; x_wconf 83' lang='lat' dir='ltr'><strong>potrum</strong></span> <span class='ocrx_word' id='word_1_258' title='bbox 1276 3302 1393 3348; x_wconf 83' lang='lat' dir='ltr'><strong>eorum</strong></span> <span class='ocrx_word' id='word_1_259' title='bbox 1407 3279 1542 3348; x_wconf 79' lang='lat' dir='ltr'><strong>ostende</strong></span> 
     </span>
     <span class='ocr_line' id='line_1_27' title="bbox 219 3384 1541 3479; baseline -0.001 -25"><span class='ocrx_word' id='word_1_260' title='bbox 219 3387 265 3454; x_wconf 82' lang='lat' dir='ltr'><strong>eis</strong></span> <span class='ocrx_word' id='word_1_261' title='bbox 283 3389 317 3453; x_wconf 79' lang='lat' dir='ltr'><strong>»l</strong></span> <span class='ocrx_word' id='word_1_262' title='bbox 334 3424 378 3435; x_wconf 90' lang='lat'><strong>-·-</strong></span> <span class='ocrx_word' id='word_1_263' title='bbox 392 3384 491 3451; x_wconf 89' lang='lat' dir='ltr'><strong>hebr.</strong></span> <span class='ocrx_word' id='word_1_264' title='bbox 509 3405 572 3473; x_wconf 91' lang='lat' dir='ltr'><strong>per</strong></span> <span class='ocrx_word' id='word_1_265' title='bbox 586 3385 892 3472; x_wconf 83' lang='lat' dir='ltr'><strong>interrogationem</strong></span> <span class='ocrx_word' id='word_1_266' title='bbox 905 3408 913 3453; x_wconf 77' lang='grc' dir='ltr'>ε</span> <span class='ocrx_word' id='word_1_267' title='bbox 926 3409 1037 3453; x_wconf 73' lang='lat' dir='ltr'><strong>nortae</strong></span> <span class='ocrx_word' id='word_1_268' title='bbox 1049 3387 1183 3454; x_wconf 79' lang='lat' dir='ltr'><strong>iudices</strong></span> <span class='ocrx_word' id='word_1_269' title='bbox 1190 3408 1204 3471; x_wconf 89' lang='lat'><strong>‚·</strong></span> <span class='ocrx_word' id='word_1_270' title='bbox 1219 3387 1326 3479; x_wconf 87' lang='lat' dir='ltr'><strong>idque</strong></span> <span class='ocrx_word' id='word_1_271' title='bbox 1340 3410 1418 3457; x_wconf 90' lang='lat' dir='ltr'><strong>cum</strong></span> <span class='ocrx_word' id='word_1_272' title='bbox 1435 3386 1541 3454; x_wconf 87' lang='lat' dir='ltr'><strong>affec-</strong></span> 
     </span>
     <span class='ocr_line' id='line_1_28' title="bbox 219 3490 1543 3582; baseline 0.002 -24"><span class='ocrx_word' id='word_1_273' title='bbox 219 3498 256 3561; x_wconf 86' lang='lat' dir='ltr'><strong>tu</strong></span> <span class='ocrx_word' id='word_1_274' title='bbox 280 3491 456 3582; x_wconf 89' lang='lat' dir='ltr'><strong>repetitur,</strong></span> <span class='ocrx_word' id='word_1_275' title='bbox 479 3496 516 3557; x_wconf 94' lang='lat' dir='ltr'><strong>ut</strong></span> <span class='ocrx_word' id='word_1_276' title='bbox 541 3490 751 3579; x_wconf 82' lang='lat' dir='ltr'><strong>exprimatur</strong></span> <span class='ocrx_word' id='word_1_277' title='bbox 775 3513 879 3580; x_wconf 88' lang='lat' dir='ltr'><strong>quam</strong></span> <span class='ocrx_word' id='word_1_278' title='bbox 907 3495 1129 3561; x_wconf 88' lang='lat' dir='ltr'><strong>vehementer</strong></span> <span class='ocrx_word' id='word_1_279' title='bbox 1152 3495 1233 3561; x_wconf 90' lang='lat' dir='ltr'><strong>velit</strong></span> <span class='ocrx_word' id='word_1_280' title='bbox 1255 3517 1311 3562; x_wconf 91' lang='lat' dir='ltr'><strong>eos</strong></span> <span class='ocrx_word' id='word_1_281' title='bbox 1339 3496 1481 3581; x_wconf 88' lang='lat' dir='ltr'><strong>coargui</strong></span> <span class='ocrx_word' id='word_1_282' title='bbox 1506 3501 1543 3561; x_wconf 90' lang='lat' dir='ltr'><strong>et</strong></span> 
     </span>
     <span class='ocr_line' id='line_1_29' title="bbox 219 3595 1543 3691; baseline 0.002 -26"><span class='ocrx_word' id='word_1_283' title='bbox 219 3595 427 3689; x_wconf 89' lang='lat' dir='ltr'><strong>reprehendi</strong></span> <span class='ocrx_word' id='word_1_284' title='bbox 444 3595 501 3687; x_wconf 87' lang='lat' dir='ltr'><strong>(cf.</strong></span> <span class='ocrx_word' id='word_1_285' title='bbox 520 3596 627 3666; x_wconf 69' lang='lat' dir='ltr'><strong>Melet.</strong></span> <span class='ocrx_word' id='word_1_286' title='bbox 646 3597 760 3688; x_wconf 69' lang='lat' dir='ltr'><strong>Lep),</strong></span> <span class='ocrx_word' id='word_1_287' title='bbox 778 3620 886 3687; x_wconf 87' lang='lat' dir='ltr'><strong>quare</strong></span> <span class='ocrx_word' id='word_1_288' title='bbox 899 3601 935 3667; x_wconf 86' lang='lat' dir='ltr'><strong>S.</strong></span> <span class='ocrx_word' id='word_1_289' title='bbox 954 3600 1049 3667; x_wconf 81' lang='lat' dir='ltr'><strong>Hier.</strong></span> <span class='ocrx_word' id='word_1_290' title='bbox 1065 3601 1101 3667; x_wconf 90' lang='lat' dir='ltr'><strong>in</strong></span> <span class='ocrx_word' id='word_1_291' title='bbox 1117 3603 1362 3669; x_wconf 87' lang='lat' dir='ltr'><strong>commentario</strong></span> <span class='ocrx_word' id='word_1_292' title='bbox 1375 3602 1464 3669; x_wconf 89' lang='lat' dir='ltr'><strong>bene</strong></span> <span class='ocrx_word' id='word_1_293' title='bbox 1476 3622 1543 3691; x_wconf 90' lang='lat' dir='ltr'><strong>per</strong></span> 
     </span>
     <span class='ocr_line' id='line_1_30' title="bbox 219 3702 1541 3799; baseline 0.002 -28"><span class='ocrx_word' id='word_1_294' title='bbox 219 3704 463 3796; x_wconf 86' lang='lat' dir='ltr'><strong>imperativum</strong></span> <span class='ocrx_word' id='word_1_295' title='bbox 481 3703 627 3794; x_wconf 85' lang='lat' dir='ltr'><strong>explicat</strong></span> <span class='ocrx_word' id='word_1_296' title='bbox 643 3726 651 3772; x_wconf 93' lang='lat'><strong>:</strong></span> <span class='ocrx_word' id='word_1_297' title='bbox 670 3702 785 3771; x_wconf 87' lang='lat' dir='ltr'><strong>iudica</strong></span> <span class='ocrx_word' id='word_1_298' title='bbox 798 3728 865 3785; x_wconf 90' lang='lat' dir='ltr'><strong>eos,</strong></span> <span class='ocrx_word' id='word_1_299' title='bbox 888 3712 925 3771; x_wconf 90' lang='lat' dir='ltr'><strong>ut</strong></span> <span class='ocrx_word' id='word_1_300' title='bbox 942 3728 1009 3772; x_wconf 88' lang='lat' dir='ltr'><strong>non</strong></span> <span class='ocrx_word' id='word_1_301' title='bbox 1026 3707 1214 3797; x_wconf 86' lang='lat' dir='ltr'><strong>prophetae</strong></span> <span class='ocrx_word' id='word_1_302' title='bbox 1225 3710 1269 3776; x_wconf 91' lang='lat' dir='ltr'><strong>sit</strong></span> <span class='ocrx_word' id='word_1_303' title='bbox 1282 3708 1467 3799; x_wconf 87' lang='lat' dir='ltr'><strong>responsio,</strong></span> <span class='ocrx_word' id='word_1_304' title='bbox 1480 3706 1541 3774; x_wconf 87' lang='lat' dir='ltr'><strong>sed</strong></span> 
     </span>
     <span class='ocr_line' id='line_1_31' title="bbox 219 3808 1543 3903; baseline 0.002 -24"><span class='ocrx_word' id='word_1_305' title='bbox 219 3811 388 3879; x_wconf 89' lang='lat' dir='ltr'><strong>sententia</strong></span> <span class='ocrx_word' id='word_1_306' title='bbox 404 3809 586 3877; x_wconf 85' lang='lat' dir='ltr'><strong>iudicantis</strong></span> <span class='ocrx_word' id='word_1_307' title='bbox 600 3832 663 3900; x_wconf 90' lang='lat' dir='ltr'><strong>pro</strong></span> <span class='ocrx_word' id='word_1_308' title='bbox 675 3808 927 3901; x_wconf 83' lang='lat' dir='ltr'><strong>iniquitatibus</strong></span> <span class='ocrx_word' id='word_1_309' title='bbox 944 3817 983 3879; x_wconf 88' lang='lat' dir='ltr'><strong>Et</strong></span> <span class='ocrx_word' id='word_1_310' title='bbox 1001 3814 1141 3903; x_wconf 91' lang='lat' dir='ltr'><strong>quidem</strong></span> <span class='ocrx_word' id='word_1_311' title='bbox 1156 3815 1256 3883; x_wconf 89' lang='lat' dir='ltr'><strong>altius</strong></span> <span class='ocrx_word' id='word_1_312' title='bbox 1268 3814 1472 3883; x_wconf 90' lang='lat' dir='ltr'><strong>sumendum</strong></span> <span class='ocrx_word' id='word_1_313' title='bbox 1491 3820 1543 3881; x_wconf 87' lang='lat' dir='ltr'><strong>est</strong></span> 
     </span>
     <span class='ocr_line' id='line_1_32' title="bbox 220 3916 1543 4011; baseline 0.002 -26"><span class='ocrx_word' id='word_1_314' title='bbox 220 3917 445 4009; x_wconf 90' lang='lat' dir='ltr'><strong>principium,</strong></span> <span class='ocrx_word' id='word_1_315' title='bbox 470 3939 492 3983; x_wconf 92' lang='lat' dir='ltr'><strong>a</strong></span> <span class='ocrx_word' id='word_1_316' title='bbox 508 3916 696 3985; x_wconf 90' lang='lat' dir='ltr'><strong>sceleribus</strong></span> <span class='ocrx_word' id='word_1_317' title='bbox 714 3923 870 4007; x_wconf 86' lang='lat' dir='ltr'><strong>patrum,</strong></span> <span class='ocrx_word' id='word_1_318' title='bbox 893 3924 931 3985; x_wconf 93' lang='lat' dir='ltr'><strong>ut</strong></span> <span class='ocrx_word' id='word_1_319' title='bbox 948 3921 1135 3989; x_wconf 91' lang='lat' dir='ltr'><strong>innotescat</strong></span> <span class='ocrx_word' id='word_1_320' title='bbox 1154 3926 1282 4011; x_wconf 87' lang='lat' dir='ltr'><strong>quanta</strong></span> <span class='ocrx_word' id='word_1_321' title='bbox 1300 3942 1381 3989; x_wconf 90' lang='lat' dir='ltr'><strong>usus</strong></span> <span class='ocrx_word' id='word_1_322' title='bbox 1399 3922 1442 3988; x_wconf 90' lang='lat' dir='ltr'><strong>sit</strong></span> <span class='ocrx_word' id='word_1_323' title='bbox 1456 3926 1543 3988; x_wconf 89' lang='lat' dir='ltr'><strong>Deus</strong></span> 
     </span>
     <span class='ocr_line' id='line_1_33' title="bbox 221 4022 1542 4115; baseline 0 -22"><span class='ocrx_word' id='word_1_324' title='bbox 221 4046 370 4114; x_wconf 90' lang='lat' dir='ltr'><strong>eousque</strong></span> <span class='ocrx_word' id='word_1_325' title='bbox 390 4024 572 4091; x_wconf 87' lang='lat' dir='ltr'><strong>clementia</strong></span> <span class='ocrx_word' id='word_1_326' title='bbox 593 4028 631 4095; x_wconf 86' lang='lat' dir='ltr'><strong>et¹</strong></span> <span class='ocrx_word' id='word_1_327' title='bbox 646 4022 905 4111; x_wconf 87' lang='lat' dir='ltr'><strong>longanimitate</strong></span> <span class='ocrx_word' id='word_1_328' title='bbox 924 4032 957 4093; x_wconf 92' lang='lat' dir='ltr'><strong>et</strong></span> <span class='ocrx_word' id='word_1_329' title='bbox 976 4048 1082 4115; x_wconf 90' lang='lat' dir='ltr'><strong>quam</strong></span> <span class='ocrx_word' id='word_1_330' title='bbox 1102 4027 1266 4096; x_wconf 91' lang='lat' dir='ltr'><strong>diuturna</strong></span> <span class='ocrx_word' id='word_1_331' title='bbox 1284 4034 1318 4096; x_wconf 90' lang='lat' dir='ltr'><strong>et</strong></span> <span class='ocrx_word' id='word_1_332' title='bbox 1337 4056 1354 4091; x_wconf 91' lang='lat'>«</span> <span class='ocrx_word' id='word_1_333' title='bbox 1374 4034 1413 4094; x_wconf 90' lang='lat' dir='ltr'><strong>ut</strong></span> <span class='ocrx_word' id='word_1_334' title='bbox 1428 4033 1542 4095; x_wconf 88' lang='lat' dir='ltr'><strong>osten·-</strong></span> 
     </span>
     <span class='ocr_line' id='line_1_34' title="bbox 221 4128 1542 4223; baseline 0.002 -24"><span class='ocrx_word' id='word_1_335' title='bbox 221 4132 347 4199; x_wconf 90' lang='lat' dir='ltr'><strong>dantur</strong></span> <span class='ocrx_word' id='word_1_336' title='bbox 357 4130 481 4197; x_wconf 92' lang='lat' dir='ltr'><strong>similia</strong></span> <span class='ocrx_word' id='word_1_337' title='bbox 489 4128 690 4221; x_wconf 89' lang='lat' dir='ltr'><strong>parentibus</strong></span> <span class='ocrx_word' id='word_1_338' title='bbox 702 4154 806 4218; x_wconf 89' lang='lat' dir='ltr'><strong>agere</strong></span> <span class='ocrx_word' id='word_1_339' title='bbox 816 4138 850 4198; x_wconf 93' lang='lat' dir='ltr'><strong>et</strong></span> <span class='ocrx_word' id='word_1_340' title='bbox 859 4131 1065 4200; x_wconf 87' lang='lat' dir='ltr'><strong>hereditario</strong></span> <span class='ocrx_word' id='word_1_341' title='bbox 1076 4135 1166 4202; x_wconf 92' lang='lat' dir='ltr'><strong>malo</strong></span> <span class='ocrx_word' id='word_1_342' title='bbox 1178 4136 1542 4223; x_wconf 82' lang='lat' dir='ltr'><strong>longissimnmfunem</strong></span> 
     </span>
     <span class='ocr_line' id='line_1_35' title="bbox 220 4236 827 4327; baseline 0 -22"><span class='ocrx_word' id='word_1_343' title='bbox 220 4240 356 4305; x_wconf 90' lang='lat' dir='ltr'><strong>trahere</strong></span> <span class='ocrx_word' id='word_1_344' title='bbox 371 4242 589 4327; x_wconf 89' lang='lat' dir='ltr'><strong>peccatorum</strong></span> <span class='ocrx_word' id='word_1_345' title='bbox 607 4266 621 4297; x_wconf 89' lang='lat'>»</span> <span class='ocrx_word' id='word_1_346' title='bbox 642 4236 691 4326; x_wconf 85' lang='lat' dir='ltr'><strong>(S.</strong></span> <span class='ocrx_word' id='word_1_347' title='bbox 706 4238 827 4327; x_wconf 64' lang='lat' dir='ltr'><strong>Hice).</strong></span> 
     </span>
    </p>

    <p class='ocr_par' dir='ltr' id='par_1_8' title="bbox 176 4343 1545 4737">
     <span class='ocr_line' id='line_1_36' title="bbox 266 4343 1543 4439; baseline 0.004 -29"><span class='ocrx_word' id='word_1_348' title='bbox 266 4350 306 4410; x_wconf 81' lang='lat' dir='ltr'><strong>lit</strong></span> <span class='ocrx_word' id='word_1_349' title='bbox 321 4344 435 4434; x_wconf 91' lang='lat' dir='ltr'><strong>primo</strong></span> <span class='ocrx_word' id='word_1_350' title='bbox 451 4343 591 4432; x_wconf 90' lang='lat' dir='ltr'><strong>quidem</strong></span> <span class='ocrx_word' id='word_1_351' title='bbox 605 4366 639 4411; x_wconf 92' lang='lat' dir='ltr'><strong>v.</strong></span> <span class='ocrx_word' id='word_1_352' title='bbox 661 4349 717 4410; x_wconf 86' lang='grc'><strong>5-9</strong></span> <span class='ocrx_word' id='word_1_353' title='bbox 737 4344 917 4434; x_wconf 84' lang='lat' dir='ltr'><strong>exponitur</strong></span> <span class='ocrx_word' id='word_1_354' title='bbox 937 4347 1110 4436; x_wconf 90' lang='lat' dir='ltr'><strong>quomodo</strong></span> <span class='ocrx_word' id='word_1_355' title='bbox 1134 4350 1170 4415; x_wconf 92' lang='lat' dir='ltr'><strong>in</strong></span> <span class='ocrx_word' id='word_1_356' title='bbox 1191 4350 1267 4439; x_wconf 91' lang='lat' dir='ltr'><strong>ipsa</strong></span> <span class='ocrx_word' id='word_1_357' title='bbox 1285 4355 1377 4417; x_wconf 86' lang='lat' dir='ltr'><strong>terra</strong></span> <span class='ocrx_word' id='word_1_358' title='bbox 1395 4348 1543 4438; x_wconf 73' lang='lat' dir='ltr'><strong>Aegypti</strong></span> 
     </span>
     <span class='ocr_line' id='line_1_37' title="bbox 222 4449 1542 4546; baseline 0.003 -31"><span class='ocrx_word' id='word_1_359' title='bbox 222 4449 416 4515; x_wconf 88' lang='lat' dir='ltr'><strong>invitationi</strong></span> <span class='ocrx_word' id='word_1_360' title='bbox 434 4450 567 4520; x_wconf 88' lang='lat' dir='ltr'><strong>Domini</strong></span> <span class='ocrx_word' id='word_1_361' title='bbox 586 4449 751 4535; x_wconf 82' lang='lat' dir='ltr'><strong>refragati</strong></span> <span class='ocrx_word' id='word_1_362' title='bbox 770 4450 848 4519; x_wconf 86' lang='lat' dir='ltr'><strong>sint.</strong></span> <span class='ocrx_word' id='word_1_363' title='bbox 870 4456 912 4519; x_wconf 89' lang='lat' dir='ltr'><strong>Ut</strong></span> <span class='ocrx_word' id='word_1_364' title='bbox 930 4476 1034 4542; x_wconf 87' lang='lat' dir='ltr'><strong>quam</strong></span> <span class='ocrx_word' id='word_1_365' title='bbox 1057 4456 1208 4541; x_wconf 86' lang='lat' dir='ltr'><strong>graviter</strong></span> <span class='ocrx_word' id='word_1_366' title='bbox 1226 4456 1401 4546; x_wconf 87' lang='lat' dir='ltr'><strong>peccarint</strong></span> <span class='ocrx_word' id='word_1_367' title='bbox 1414 4455 1542 4523; x_wconf 85' lang='lat' dir='ltr'><strong>inteDi·</strong></span> 
     </span>
     <span class='ocr_line' id='line_1_38' title="bbox 176 4555 1544 4650; baseline 0.005 -28"><span class='ocrx_word' id='word_1_368' title='bbox 176 4645 179 4650; x_wconf 21' lang='grc' dir='ltr'>Ι</span> <span class='ocrx_word' id='word_1_369' title='bbox 222 4561 324 4643; x_wconf 87' lang='lat' dir='ltr'><strong>gatar</strong></span> <span class='ocrx_word' id='word_1_370' title='bbox 338 4560 371 4621; x_wconf 86' lang='lat' dir='ltr'><strong>ct</strong></span> <span class='ocrx_word' id='word_1_371' title='bbox 385 4555 449 4621; x_wconf 89' lang='lat' dir='ltr'><strong>rite</strong></span> <span class='ocrx_word' id='word_1_372' title='bbox 464 4557 675 4639; x_wconf 87' lang='lat' dir='ltr'><strong>aestimetur,</strong></span> <span class='ocrx_word' id='word_1_373' title='bbox 692 4555 861 4625; x_wconf 87' lang='lat' dir='ltr'><strong>beneficia</strong></span> <span class='ocrx_word' id='word_1_374' title='bbox 874 4558 991 4628; x_wconf 88' lang='lat' dir='ltr'><strong>divina</strong></span> <span class='ocrx_word' id='word_1_375' title='bbox 1003 4566 1037 4627; x_wconf 92' lang='lat' dir='ltr'><strong>et</strong></span> <span class='ocrx_word' id='word_1_376' title='bbox 1050 4562 1253 4631; x_wconf 89' lang='lat' dir='ltr'><strong>immensam</strong></span> <span class='ocrx_word' id='word_1_377' title='bbox 1266 4566 1324 4630; x_wconf 93' lang='lat' dir='ltr'><strong>Dei</strong></span> <span class='ocrx_word' id='word_1_378' title='bbox 1338 4584 1544 4630; x_wconf 90' lang='lat' dir='ltr'><strong>commemo-</strong></span> 
     </span>
     <span class='ocr_line' id='line_1_39' title="bbox 222 4660 1545 4737; baseline 0.008 -10"><span class='ocrx_word' id='word_1_379' title='bbox 222 4669 276 4729; x_wconf 90' lang='lat' dir='ltr'><strong>rat</strong></span> <span class='ocrx_word' id='word_1_380' title='bbox 289 4660 565 4729; x_wconf 88' lang='lat' dir='ltr'><strong>benevolentiam</strong></span> <span class='ocrx_word' id='word_1_381' title='bbox 581 4684 613 4729; x_wconf 91' lang='lat' dir='ltr'><strong>v.</strong></span> <span class='ocrx_word' id='word_1_382' title='bbox 631 4670 650 4729; x_wconf 90' lang='lat'>5</span> <span class='ocrx_word' id='word_1_383' title='bbox 671 4691 685 4723; x_wconf 81' lang='lat' dir='ltr'><strong>u</strong></span> <span class='ocrx_word' id='word_1_384' title='bbox 702 4673 735 4728; x_wconf 84' lang='lat' dir='ltr'><strong>et</strong></span> <span class='ocrx_word' id='word_1_385' title='bbox 746 4663 836 4730; x_wconf 78' lang='lat' dir='ltr'><strong>dices</strong></span> <span class='ocrx_word' id='word_1_386' title='bbox 849 4664 898 4731; x_wconf 84' lang='lat' dir='ltr'><strong>ad</strong></span> <span class='ocrx_word' id='word_1_387' title='bbox 907 4689 962 4732; x_wconf 88' lang='lat' dir='ltr'><strong>eos</strong></span> <span class='ocrx_word' id='word_1_388' title='bbox 978 4689 990 4733; x_wconf 88' lang='lat'><em>:</em></span> <span class='ocrx_word' id='word_1_389' title='bbox 1004 4668 1089 4735; x_wconf 79' lang='lat' dir='ltr'><strong>hoec</strong></span> <span class='ocrx_word' id='word_1_390' title='bbox 1102 4668 1186 4736; x_wconf 82' lang='lat' dir='ltr'><strong>dicit</strong></span> <span class='ocrx_word' id='word_1_391' title='bbox 1198 4671 1363 4737; x_wconf 78' lang='lat' dir='ltr'><strong>Dominus</strong></span> <span class='ocrx_word' id='word_1_392' title='bbox 1373 4673 1463 4737; x_wconf 82' lang='lat' dir='ltr'><strong>Deus</strong></span> <span class='ocrx_word' id='word_1_393' title='bbox 1477 4691 1490 4735; x_wconf 91' lang='lat'><strong>.·</strong></span> <span class='ocrx_word' id='word_1_394' title='bbox 1504 4669 1545 4737; x_wconf 79' lang='lat' dir='ltr'><strong>in</strong></span> 
     </span>
    </p>
   </div>
   <div class='ocr_carea' id='block_1_8' title="bbox 222 4768 1546 4867">
    <p class='ocr_par' dir='ltr' id='par_1_9' title="bbox 222 4768 1546 4867">
     <span class='ocr_line' id='line_1_40' title="bbox 222 4768 1546 4867; baseline 0.005 -30"><span class='ocrx_word' id='word_1_395' title='bbox 222 4769 275 4837; x_wconf 78' lang='lat' dir='ltr'><strong>die</strong></span> <span class='ocrx_word' id='word_1_396' title='bbox 293 4790 360 4861; x_wconf 83' lang='lat' dir='ltr'><strong>qao</strong></span> <span class='ocrx_word' id='word_1_397' title='bbox 377 4768 465 4859; x_wconf 78' lang='lat' dir='ltr'><strong>eleqr&#39;</strong></span> <span class='ocrx_word' id='word_1_398' title='bbox 480 4768 589 4835; x_wconf 83' lang='lat' dir='ltr'><strong>lsrael</strong></span> <span class='ocrx_word' id='word_1_399' title='bbox 600 4782 634 4835; x_wconf 87' lang='lat' dir='ltr'><strong>et</strong></span> <span class='ocrx_word' id='word_1_400' title='bbox 647 4768 760 4837; x_wconf 81' lang='lat' dir='ltr'><strong>levavi</strong></span> <span class='ocrx_word' id='word_1_401' title='bbox 771 4794 912 4839; x_wconf 73' lang='lat' dir='ltr'><strong>montem</strong></span> <span class='ocrx_word' id='word_1_402' title='bbox 932 4797 1045 4843; x_wconf 79' lang='lat' dir='ltr'><strong>meam</strong></span> <span class='ocrx_word' id='word_1_403' title='bbox 1052 4798 1122 4866; x_wconf 80' lang='lat' dir='ltr'><strong>pro</strong></span> <span class='ocrx_word' id='word_1_404' title='bbox 1136 4776 1240 4867; x_wconf 70' lang='lat' dir='ltr'><strong>strlpe</strong></span> <span class='ocrx_word' id='word_1_405' title='bbox 1259 4777 1379 4846; x_wconf 82' lang='lat' dir='ltr'><strong>domas</strong></span> <span class='ocrx_word' id='word_1_406' title='bbox 1393 4774 1495 4844; x_wconf 83' lang='lat' dir='ltr'><strong>iacob</strong></span> <span class='ocrx_word' id='word_1_407' title='bbox 1510 4788 1546 4845; x_wconf 80' lang='lat' dir='ltr'><strong>et</strong></span> 
     </span>
    </p>
   </div>
   <div class='ocr_carea' id='block_1_9' title="bbox 0 0 1775 5425">
    <p class='ocr_par' dir='ltr' id='par_1_10' title="bbox 0 0 1775 5425">
     <span class='ocr_line' id='line_1_41' title="bbox 0 0 1775 5425; baseline 0 0"><span class='ocrx_word' id='word_1_408' title='bbox 0 0 1775 5425; x_wconf 95' lang='lat' dir='ltr'><strong> </strong></span> 
     </span>
    </p>
   </div>
  </div>
 </body>
</html>
