3509 5425
461 442 581 502 246
1533 443 1636 502 Ez.
1684 445 1785 515 24,
1837 443 2028 503 15-17

452 598 530 660 ut
557 614 725 659 sana
752 591 1062 658 membra
1092 572 1467 670 sal¹ventur3
1498 614 1635 658 non
1670 593 1895 683 parcit
1923 596 2000 657 ut
2025 596 2293 681 parcat3
2329 590 2618 657 crudelis
2647 596 2745 656 est
2783 596 2859 657 ut
2887 591 3106 657 mise-

454 704 722 782 reatur3
751 720 878 764 nec
909 698 1299 766 considerat
1330 698 1653 789 patientis
1685 698 2024 781 dolorem,
2050 697 2168 764 sed
2197 698 2493 765 vulneris
2519 697 2873 764 sanitatem
2908 698 3111 764 iuxta

455 804 632 873 illud
669 805 1145 893 evangelicum
1176 805 1393 892 magis
1427 805 1657 872 volens
1698 826 1912 871 unum
1944 805 2170 896 perire
2207 803 2594 871 membrum
2637 824 2846 892 quam
2878 807 3109 870 totum

456 933 712 1002 corpus
759 911 1054 979 interfici
1105 940 1162 979 ».
1215 917 1427 990 Quam
1470 913 1710 979 merito
1758 913 1829 978 in
1872 933 2030 978 eum
2077 911 2285 978 finem
2340 912 2558 977 minas
2603 911 2755 977 fieri
2787 916 2856 975 et
2890 932 3112 999 opere

461 1019 788 1108 compleri
815 1021 890 1086 S.
921 1019 1107 1086 Hier.
1144 1023 1448 1102 moneat,
1484 1020 1619 1085 iam
1650 1041 1730 1085 ex
1751 1025 1980 1102 2337.
2014 1022 2096 1085 us
2127 1018 2371 1085 elucet.

879 1251 933 1321 Ιε)
969 1255 1221 1306 Luctus
1250 1253 1331 1305 de
1359 1254 1560 1306 ruina
1588 1255 1779 1318 regni
1808 1254 2275 1318 prohibebitur
2301 1251 2412 1318 24,
2449 1250 2672 1303 15-27.

545 1438 721 1515 Quid
756 1438 829 1503 in
865 1459 1183 1527 suprema
1211 1437 1625 1519 calamitate,
1662 1459 1819 1504 cum
1854 1438 2133 1505 nuntius
2171 1437 2361 1504 urbis
2398 1442 2633 1526 captae
2678 1442 2743 1502 et
2778 1434 3107 1501 incendio

456 1541 716 1611 deletae
761 1544 1116 1610 exsulibus
1151 1544 1478 1611 affertur?
1513 1549 1604 1610 Ne
1638 1544 1710 1610 id
1740 1544 2019 1634 quidem
2058 1545 2274 1611 solatii
2315 1542 2667 1610 habebunt
2711 1550 2785 1608 ut
2818 1540 3102 1631 publice

453 1648 660 1717 edant
696 1651 985 1731 luctum,
1044 1673 1129 1717 ne
1184 1650 1325 1717 scil.
1371 1650 1720 1718 offendant
1759 1653 2098 1717 victorum
2148 1650 2539 1741 superbiam
2584 1652 2686 1738 (S.
2736 1649 2978 1737 Hier.).
3023 1647 3103 1714 ld

452 1762 641 1824 vates
683 1757 756 1823 in
804 1777 874 1823 se
929 1758 1077 1846 ipso
1126 1758 1514 1847 exprimere
1561 1763 1625 1824 et
1661 1759 1918 1848 populo
1960 1757 2322 1848 explanare
2359 1757 2666 1835 iubetur;
2702 1779 2767 1822 ν.
2824 1762 2971 1823 15.«
3006 1757 3105 1820 Et

449 1864 716 1952 factum
750 1875 848 1930 est
889 1863 1169 1930 verbum
1198 1864 1475 1930 Domini
1509 1863 1603 1931 ad
1637 1886 1742 1930 me
1786 1862 2012 1931 dicens
2038 1886 2062 1929 .·
2091 1888 2155 1930 v.
2195 1871 2275 1930 16
2303 1863 2416 1952 fili
2441 1862 2735 1931 bominis
2782 1884 2931 1928 ecce
2972 1882 3099 1951 eqo

456 1967 617 2036 tollo
641 1993 684 2035 a
707 1982 769 2035 te
793 1969 1231 2036 desiderabile
1261 1971 1615 2037 oculorum
1647 1984 1917 2037 tuorum
1953 1970 2025 2036 in
2051 1971 2269 2063 playa
2307 1983 2372 2036 et
2399 1994 2535 2037 non
2552 1956 2846 2059 plan'qes
2875 1989 3100 2057 neque

444 2075 753 2167 plorabis
775 2099 996 2166 neque
1015 2077 1238 2165 fluent
1256 2077 1581 2144 lacrimae
1603 2088 1761 2144 tuae
1773 2098 1801 2160 ,·
1819 2100 1885 2143 v.
1917 2084 1998 2144 17
2022 2077 2382 2167 inqemisce
2402 2089 2650 2157 tacens,
2674 2088 3099 2142 mortuorum

454 2183 719 2249 luctum
769 2204 905 2248 non
944 2184 1197 2272 faez‘es;
1245 2206 1495 2250 corona
1538 2196 1655 2250 tua
1705 2184 2180 2274 cz'rcumliyata
2226 2184 2314 2250 sit
2362 2182 2487 2250 tibi
2528 2195 2592 2249 et
2634 2184 3096 2249 calceamenta

456 2299 480 2353 t
490 2311 578 2353 ua
605 2299 800 2354 erunt
817 2289 892 2354 in
906 2288 1196 2378 pedibus
1222 2290 1355 2356 tuis
1372 2313 1493 2356 nee
1514 2289 1771 2357 amictu
1798 2313 1916 2356 ora
1937 2289 2189 2357 velabis
2211 2312 2332 2357 nec
2354 2289 2533 2355 cibos
2565 2288 2948 2378 luqentium
2977 2309 3097 2353 co-

457 2394 681 2462 medes
715 2397 783 2460 »2
813 2434 902 2444 —
931 2401 1100 2463 Deus
1127 2396 1332 2487 plaga
1361 2397 1469 2463 vel
1497 2397 1638 2464 ictu
1661 2397 1707 2465 i.
1741 2420 1802 2465 e.
1846 2403 2066 2464 morte
2095 2397 2449 2487 repentina
2478 2396 2669 2463 tollet
2698 2419 2740 2462 a
2760 2394 3099 2485 propheta

456 2500 886 2568 desiderium
921 2503 1026 2569 vel
1080 2503 1357 2570 delicias
1391 2503 1742 2570 oculorum
1790 2504 1964 2586 eim,
2015 2505 2061 2572 i.
2114 2528 2175 2570 e.
2224 2526 2302 2570 ex
2339 2526 2403 2569 ν.
2462 2509 2543 2570 18
2591 2523 2863 2570 uxorem
2912 2503 3092 2579 eius3

462 2638 492 2668 «
527 2607 701 2673 nihil
750 2610 932 2675 enim
971 2611 1116 2675 viro
1153 2631 1360 2676 uxore
1396 2610 1578 2677 bona
1614 2611 2008 2691 amabilius,
2040 2633 2214 2701 quae
2249 2633 2290 2676 a
2320 2615 2451 2677 Deo
2479 2610 2742 2677 homini
2779 2608 3096 2699 provide-

456 2721 572 2782 tur
618 2722 686 2781 et
734 2717 843 2782 cui
894 2717 1161 2783 Domini
1207 2718 1362 2803 lege
1409 2717 1848 2804 coniungitur
1889 2745 1923 2781 >›
1957 2719 2056 2807 (S.
2095 2719 2334 2807 Ham).
2386 2723 2663 2804 Magnus
2708 2718 2780 2783 in
2816 2738 3094 2784 uxorem

455 2844 651 2889 amor
693 2822 1112 2907 declaratur,
1163 2847 1300 2913 quo
1352 2824 1662 2892 acerbius
1704 2825 1849 2891 fore
1901 2826 2322 2912 significetur
2355 2826 2443 2892 ab
2494 2825 2678 2891 omni
2733 2823 2983 2890 doloris
3028 2827 3097 2889 et

461 2930 684 2996 luctus
731 2930 1076 2997 levamine
1119 2931 1467 3020 prohiberi
1504 2933 1577 2998 in
1615 2933 1761 2998 eius
1797 2938 2037 2999 morte.
2073 2937 2147 2999 111
2188 2937 2447 3000 secreto
2485 2932 2727 3000 tacitus
2755 2929 3095 3020 permitti-

458 3042 572 3102 tur
618 3037 942 3122 gemitus,
991 3035 1110 3104 sed
1152 3038 1430 3127 publice
1470 3038 1734 3105 nullum
1782 3061 1948 3129 prae
1996 3061 2067 3106 se
2111 3039 2284 3106 ferat
2320 3038 2543 3106 luctus
2592 3037 2924 3104 indicium
2960 3055 2973 3100 :
3010 3057 3097 3102 ne

457 3141 615 3209 edat
650 3143 1014 3232 planctum
1062 3166 1230 3212 neve
1272 3145 1615 3234 plorat-um
1652 3147 1865 3212 immo
1904 3168 2043 3212 non
2085 3146 2303 3212 veniet
2347 3145 2632 3213 lacrima
2681 3157 2798 3211 tua
2842 3142 3096 3230 (hebr.)

457 3269 627 3313 neve
674 3248 882 3316 illum
929 3251 1279 3340 permittat
1321 3252 1582 3319 luctum
1630 3252 1782 3319 fieri
1831 3274 1966 3341 quo
2007 3276 2048 3320 a
2083 3253 2425 3343 praeficis,
2479 3252 2813 3340 cognatiS,
2861 3249 3100 3317 amicis

467 3375 658 3420 more
697 3357 932 3440 gentis
962 3358 1249 3423 mortuis
1281 3359 1626 3446 parentari
1665 3358 1864 3439 solet;
1898 3358 2157 3426 luctum
2198 3366 2623 3428 mortuorum
2660 3359 2883 3426 faeere
2924 3359 3099 3425 scle-

460 3458 630 3525 bant
662 3460 770 3527 ita
797 3467 871 3527 ut
901 3462 1097 3528 humi
1127 3462 1471 3548 sederent,
1507 3470 1724 3532 vestes
1760 3465 2171 3548 scinderent,
2200 3473 2404 3556 caput
2431 3467 2654 3532 cinere
2685 3487 3097 3555 consperge-

458 3570 647 3647 rent,
680 3587 932 3634 manus
973 3570 1179 3658 capiti
1221 3571 1649 3661 imponerent
1688 3573 1795 3638 vel
1835 3576 2066 3663 pectus
2107 3571 2502 3655 tunderent,
2534 3573 2758 3639 femur
2789 3577 3099 3661 percute-

460 3676 642 3753 rent,
697 3673 919 3741 crines
984 3674 1406 3766 barbamque
1468 3679 1831 3746 tonderent
1877 3680 2318 3761 vellerentve,
2369 3680 2734 3760 eiularent,
2790 3679 3101 3745 carmina

458 3778 788 3865 lugubria
818 3784 885 3845 et
911 3781 1432 3851 lamentationes
1465 3786 1897 3853 instituerent
1925 3790 1992 3853 et
2014 3809 2058 3853 a
2082 3786 2665 3853 lamentatricibus
2694 3791 2760 3852 et
2787 3786 3102 3876 praeficis

458 3890 696 3953 cantus
743 3885 1084 3974 lugubres
1139 3891 1482 3959 canendos
1525 3899 1866 3961 curarent.
1914 3893 2340 3961 Accedebant
2387 3914 2658 3983 quoque
2706 3893 2793 3958 ad
2840 3892 3101 3982 luctum

460 3992 1068 4061 demonstrandum
1093 3997 1370 4079 ieiunia,
1404 4002 1621 4065 vestes
1644 3998 1997 4085 lugubreS‚
2033 4000 2272 4089 capitis
2297 4000 2691 4089 barbaeque
2722 3997 3095 4077 obvelatio;

457 4100 951 4168 omittebantur
987 4102 1268 4185 balnea,
1302 4104 1599 4173 lotiones
1639 4112 1808 4184 etc.;
1842 4105 1997 4172 vide
2035 4113 2068 4172 1
2102 4110 2272 4193 Reg.
2317 4112 2498 4188 1512.
2533 4113 2573 4171 2
2604 4110 2769 4192 Reg.
2808 4112 2952 4185 1‚2;
2988 4112 3097 4186 15,

460 4212 579 4285 323
619 4214 799 4290 19,⁷4.
833 4212 948 4276 ms.
987 4213 1111 4277 Ier.
1150 4217 1330 4291 16,6.
1369 4212 1563 4278 Mich.
1599 4219 1755 4294 1,16
1797 4217 1925 4280 etc.
1958 4217 2151 4280 Vates
2189 4219 2417 4280 autem
2464 4211 2844 4302 quidquam
2876 4234 2955 4278 ex
2989 4212 3101 4278 his

458 4311 682 4378 facere
732 4314 1174 4402 prohibetur3
1211 4339 1247 4383 e
1275 4322 1511 4385 contra
1558 4331 1874 4386 ornatum
1902 4320 1951 4385 i.
1999 4342 2059 4388 e.
2105 4320 2352 4386 tiaram
2398 4320 2601 4411 capiti
2641 4318 3094 4404 circumliget,

458 4417 560 4482 uti
588 4418 754 4483 alias
783 4421 1071 4503 solebat,
1112 4429 1176 4489 et
1207 4424 1446 4491 calceis
1476 4424 1683 4514 pedes
1725 4426 2070 4493 induat—
2093 4426 2292 4493 nudis
2333 4425 2623 4516 pedibus
2662 4426 2845 4492 enim
2882 4423 3097 4491 David

458 4523 529 4589 in
569 4524 843 4609 signum
882 4526 1102 4594 luctus
1155 4529 1411 4596 clivum
1436 4531 1773 4599 olivarum
1816 4532 2209 4600 ascenderat
2247 4539 2287 4598 2
2331 4537 2496 4618 Reg.
2549 4539 2749 4612 15‚30
2791 4537 2857 4617 et
2897 4532 3098 4598 Isaias

456 4626 545 4695 ad
574 4629 1034 4700 calamitatem
1073 4635 1619 4725 portendendam
1648 4639 2106 4707 calceamenta
2128 4639 2361 4706 tollere
2400 4640 2483 4705 de
2512 4637 2800 4729 pedibus
2821 4638 3098 4704 iubetur

461 4740 540 4805 Is,
573 4743 840 4820 20,2—
864 4762 1034 4807 neve
1083 4740 1344 4809 obvelet
1390 4743 1670 4812 barbam
1698 4768 1816 4812 seu
1856 4759 2224 4835 mystaeem
2266 4745 2525 4835 (hebr.)
2570 4768 2739 4812 neve
2780 4744 3099 4812 admittat

456 4864 703 4933 panem
732 4844 839 4910 vel
872 4846 1056 4914 cibos
1087 4870 1256 4938 quos
1292 4850 1496 4917 amici
1542 4852 1814 4919 mittere
1857 4851 2168 4919 solebant
2212 4852 2602 4939 lugentibus
2645 4852 2734 4918 ad
2777 4851 3096 4918 affectum
