3509 5425
209 413 268 473 υ201)
746 411 798 470 Ez.
821 412 871 481 20,
895 411 985 469 ‘dd-29

209 563 349 625 99191999
364 563 443 623 91199
459 566 490 621 91
504 561 590 638 leges
602 561 769 622 observare
782 561 953 640 gentilium
966 561 998 619 in
1014 559 1103 619 cultu
1118 557 1292 630 idolorum,
1309 573 1408 634 quam
1424 556 1530 635 expli·

204 661 366 730 ‚cntionem
381 657 509 736 quidem
524 657 588 718 iarn
605 657 714 719 Tteod.
731 659 878 738 explodit
895 676 902 718 :
921 680 936 712 9
953 656 1160 737 perspicuum
1179 657 1304 723 esteos
1324 671 1531 731 nequaquam

208 772 319 818 earum
334 773 415 832 quae
431 755 515 815 dicta
531 757 605 814 sunt
621 772 750 815 sensum
762 755 961 833 percepisse;
974 754 1104 831 impiam
1122 752 1207 821 enim
1222 751 1382 811 idolorum
1397 748 1530 828 religio·

207 871 286 931 uem
300 870 393 914 nemo
409 857 493 913 reete
519 852 657 912 sentiens
677 871 741 913 non
764 851 873 913 bonam
896 852 1026 921 dixerit,
1044 850 1100 910 sed
1120 848 1294 910 admodum
1313 849 1430 908 malam
1448 867 1480 920 n;
1497 855 1529 910 at

207 952 332 1030 saepius
350 956 398 1011 est
418 951 579 1029 proposita
604 949 722 1029 (Men).
745 951 931 1011 luremerito
953 939 1048 1009 natu.
1073 947 1318 1026 explicationem
1343 945 1382 1005 de
1404 946 1530 1024 legibus

207 1049 501 1124 caerimonialibus,
517 1065 597 1125 quae
611 1047 689 1107 nihil
706 1053 816 1109 natura
831 1064 889 1107 sua
906 1047 1053 1109 utilitatis
1068 1045 1201 1106 afferant
1215 1044 1352 1122 ideoque
1368 1043 1529 1103 dictasint

207 1164 270 1206 non
285 1148 367 1206 hona
382 1147 404 1206 i.
422 1164 449 1206 9.
467 1146 605 1219 inutilia,
622 1149 712 1206 vocat
728 1146 929 1206 subtiliorem
943 1162 1079 1222 eamque
1093 1161 1131 1204 ex
1146 1146 1315 1222 praecepto
1336 1141 1374 1202 de
1396 1141 1528 1202 sabbato

202 1226 303 1304 912.
325 1244 365 1303 10
383 1243 509 1304 9919191.
535 1243 625 1303 ldem
648 1243 744 1304 etiam
765 1243 865 1321 magis
887 1243 971 1303 valet
992 1243 1031 1302 de
1051 1243 1121 1319 lege
1139 1241 1171 1300 in
1187 1241 1381 1300 universum.
1397 1240 1530 1318 lusuper

205 1341 368 1402 advertere
390 1346 516 1420 oportet
536 1341 623 1421 leges
639 1340 677 1401 do
700 1342 863 1401 sacrificiis
879 1341 941 1401 iam
956 1340 1151 1422 antea-datas
1165 1339 1273 1409 luisse,
1290 1338 1334 1398 119
1347 1342 1382 1398 91
1396 1355 1435 1397 ex
1449 1341 1530 1397 tem·

205 1456 319 1516 porum
336 1456 463 1516 quoquc
479 1438 559 1498 serie
575 1438 654 1498 haec
667 1438 834 1517 explicatio
850 1438 891 1498 ad
905 1442 1051 1499 nostrum
1069 1437 1178 1496 locum
1199 1435 1333 1495 minime
1347 1433 1525 1494 conveniat.

149 1586 151 1598 .
206 1540 229 1596 rt
245 1536 364 1614 quibus
378 1537 525 1596 Patribus
541 1553 577 1596 ea
591 1537 632 1595 sit
646 1537 821 1614 preposita,
833 1536 975 1597 referunt
987 1535 1084 1597 Prad.
1099 1535 1172 1614 Lep.
1191 1531 1311 1607 Calm.,·
1322 1549 1449 1593 sensum
1461 1532 1528 1593 lere

204 1634 309 1711 attigit
333 1634 442 1695 Chald.
467 1652 477 1693 :
500 1657 514 1688 «
536 1633 611 1711 quia
637 1635 852 1713 praevaricati
872 1639 946 1694 sunt
968 1634 1001 1693 iu
1023 1633 1163 1693 Verbum
1192 1648 1300 1693 meum
1330 1629 1469 1710 (Mamm)
1496 1637 1528 1690 et

205 1731 377 1793 noluerunt
398 1731 528 1791 obedire
550 1730 715 1810 prophetis
730 1733 824 1802 meis,
840 1731 958 1811 proieci
971 1749 1025 1792 eos
1039 1737 1071 1791 91
1085 1730 1200 1790 tradidi
1214 1747 1268 1789 eos
1284 1729 1316 1788 in
1330 1746 1459 1789 manum
1472 1728 1532 1787 ini-

205 1829 359 1894 micorum
379 1845 508 1890 suorum
524 1832 555 1890 et
569 1835 642 1909 post
655 1811 942 1907 concupiscentiam
955 1846 1043 1890 suam
1058 1828 1264 1905 insipientem
1277 1827 1423 1888 abierunt
1436 1830 1468 1887 et
1481 1826 1526 1887 19-

206 1928 318 1986 999991
329 1926 456 1988 91999919
469 1944 533 1987 999
547 1931 634 1987 99919
648 1931 679 1986 91
691 1928 778 2006 leges
792 1927 826 1986 in
839 1927 954 2005 quibus
966 1944 1030 1987 non
1042 1924 1156 1986 vivetis
1170 1950 1198 1984 n.

250 2121 376 2188 Deinde
399 2121 465 2187 illis
486 2122 669 2211 exprobrat
689 2119 919 2187 idololatriam
942 2121 1169 2210 multiplicem
1194 2142 1299 2209 quam
1323 2120 1469 2206 ingressi
1489 2121 1527 2186 iu

208 2234 336 2294 terram
353 2228 552 2317 promissam
568 2227 771 2293 exercebant
790 2250 822 2293 v.
840 2234 883 2293 17
898 2253 914 2288 99
935 2225 1155 2315 qrcnmobrent
1172 2225 1308 2315 loquere
1327 2225 1375 2292 ad
1385 2224 1524 2292 donetnn

207 2334 315 2401 lsrael
322 2335 380 2423 fin·
391 2334 537 2400 borrae'ne's
552 2346 585 2400 et
597 2332 687 2400 dices
702 2333 751 2400 ad
762 2355 817 2399 eos
834 2355 846 2400 :
861 2333 945 2399 19999
960 2333 1044 2414 da'ez't
1056 2333 1223 2410 Dominus
1235 2336 1325 2399 11999
1339 2354 1351 2399 .·
1367 2331 1480 2399 adbuc
1495 2345 1528 2399 et

206 2442 242 2508 in
261 2442 323 2508 noc
339 2439 659 2530 blasphemaverunt
673 2463 725 2506 nte
734 2453 853 2530 patres
869 2439 988 2521 vestri,
1005 2462 1084 2507 cnm
1098 2439 1299 2529 sprevissent
1311 2461 1366 2505 nze
1380 2452 1526 2506 contem-

206 2560 321 2614 nentes
334 2570 367 2614 v.
390 2554 432 2614 28
453 2560 486 2613 et
504 2546 710 2616 indicassent
728 2569 782 2614 999
801 2547 837 2613 e'n
857 2559 999 2628 tetram,
1017 2569 1119 2639 super
1137 2569 1241 2637 pacem
1260 2547 1373 2612 [99991
1382 2568 1526 2613 lienteum

207 2677 318 2723 meam
334 2668 372 2721 nt
383 2654 500 2721 darem
519 2655 582 2736 eis,
599 2653 756 2722 uiderunt
770 2676 904 2722 onenem
917 2654 1037 2721 collem
1054 2653 1222 2721 excelsum
1238 2666 1271 2720 et
1283 2676 1381 2720 99999
1394 2653 1525 2744 lt'qnnnv

206 2784 418 2830 nemorosum
441 2774 473 2828 et
491 2762 752 2829 immolaverunt
771 2760 819 2827 iti
836 2761 991 2828 victimas
1009 2783 1089 2829 9999
1108 2774 1141 2827 91
1159 2760 1323 2828 dederunt
1342 2760 1390 2826 ibi
1410 2761 1526 2826 919119-

209 2872 332 2938 1199999
352 2868 529 2936 oblationis
543 2891 625 2934 sune
644 2881 677 2935 et
685 2879 877 2958 posuerunt
892 2867 942 2934 e'be'
956 2868 1093 2936 odorem
1104 2861 1282 2935 suauitatis
1294 2890 1375 2934 99999
1389 2880 1422 2934 91
1438 2866 1520 2933 [1119-

207 2989 327 3044 999991
347 2974 524 3042 libationes
541 2997 620 3041 9999
642 2997 677 3056 »;
693 3014 738 3025 -
754 2973 797 3042 991
812 2982 939 3042 ceteras
953 2975 1113 3065 perfidias
1127 2975 1240 3063 (hebr.
1255 2964 1320 3070 1111
1342 2975 1386 3042 91.
1405 2982 1524 3057 1t‚13;

209 3107 304 3183 15,8;
329 3107 445 3179 17‚2o;
470 3099 584 3187 1831)
606 3098 643 3165 191
664 3098 853 3181 addebant,
875 3105 913 3164 ut
936 3099 1525 3169 199999199119999919991991199-

207 3213 282 3274 rent
305 3207 461 3273 victimas
480 3213 513 3272 91
535 3211 703 3295 ponerent
722 3205 974 3272 irritamentum
996 3204 1077 3271 doni
1098 3206 1151 3273 sui
1173 3208 1197 3274 i.
1221 3229 1251 3273 e.
1277 3205 1360 3273 talia
1379 3204 1470 3273 doua
1491 3213 1525 3273 et

207 3313 373 3381 sacrificia
396 3311 520 3401 quibus
547 3312 635 3377 iram
660 3316 694 3377 et
716 3311 989 3397 indignationem
1013 3313 1072 3378 Dei
1098 3318 1334 3401 provocarent.
1361 3319 1526 3391 Quattuor

206 3418 317 3486 modis
332 3440 435 3506 quam
446 3418 641 3506 frequenter
653 3416 701 3483 ibi
714 3418 966 3485 immolaverint
981 3418 1134 3485 victimas
1149 3426 1182 3485 et
1192 3419 1408 3490 adoraverint
1418 3419 1526 3510 expli-

206 3530 260 3592 cat
274 3524 414 3591 vocibus
433 3547 473 3590 ex
485 3524 551 3590 ritu
571 3523 752 3591 sacrificali
768 3546 871 3613 quem
887 3524 1046 3591 Dominus
1060 3525 1522 3616 praescripsit,.depromptis,
1569 3602 1571 3608 Α

206 3638 244 3697 91
257 3636 422 3721 appareat
434 3652 538 3720 quam
550 3631 696 3720 turpiter
708 3632 792 3697 ritus
806 3653 918 3698 sacros
928 3632 1195 3721 profanaverint.
1209 3632 1418 3723 Praecipitur
1427 3638 1522 3701 Dent.

188 3771 191 3774 ·
209 3743 307 3819 tnta
324 3760 335 3804 :
351 3759 433 3804 cave
448 3759 490 3803 99
504 3737 624 3804 etseras
643 3738 840 3805 holocausta
863 3743 922 3804 tua
940 3739 977 3804 iu
996 3737 1091 3804 omni
1106 3737 1177 3805 loeo
1196 3762 1296 3828 quent
1319 3739 1459 3820 uideris,
1474 3739 1525 3806 illi

205 3850 321 3911 autem
334 3842 491 3910 viderunt
502 3865 635 3910 omnem
650 3844 770 3910 collem
785 3845 954 3911 excelsum
968 3849 1002 3911 91
1017 3844 1234 3929 obtuleruut;
1254 3861 1327 3947 1312?
1340 3845 1465 3913 oblatio
1481 3845 1524 3913 de

136 4011 138 4016 ,
206 3969 699 4037 999911191199999911991199119
718 3968 843 4035 dicitur
859 3970 895 4036 in
909 3974 984 4036 199.
1001 3975 1033 4036 91
1047 3973 1159 4049 Num,
1177 3970 1258 4036 item
1278 3971 1363 4037 odor
1377 3972 1525 4037 suavita·

205 4077 247 4143 tis
260 4075 303 4143 de
316 4076 410 4143 omni
424 4074 590 4143 sacrificio
602 4075 693 4164 quod
706 4076 741 4141 in
754 4097 814 4142 ara
829 4083 1002 4142 crematur
1018 4076 1114 4164 (Gen.
1128 4082 1220 4158 sat.
1236 4082 1293 4144 Ex.
1310 4084 1425 4160 2925.
1444 4081 1521 4143 Len.

208 4189 276 4265 1,9.
295 4189 348 4250 13.
368 4189 424 4265 173
443 4187 512 4265 22.
532 4187 564 4250 9.
582 4187 623 4248 11
643 4181 722 4271 919.)
739 4187 771 4248 91
783 4180 862 4247 vide
878 4183 1052 4264 adibit).
1073 4187 1118 4248 Ile
1132 4183 1228 4250 cultu
1247 4184 1283 4250 19
1300 4183 1445 4250 collibus
1455 4189 1521 4251 etc.

205 4290 348 4355 exercito
373 4288 452 4355 vide
477 4292 518 4354 ls.
547 4294 638 4370 57‚o.
664 4296 697 4355 7.
727 4293 789 4355 199.
816 4294 896 4368 230
918 4294 951 4355 et
969 4311 1073 4379 supra
1092 4297 1183 4371 6,13.
1206 4296 1246 4357 ut
1266 4290 1421 4380 quamvis
1436 4294 1526 4356 Deus

206 4395 335 4461 cultum
345 4395 444 4461 illum
457 4394 554 4461 191199
569 4394 798 4485 reprobasset,
811 4382 1034 4462 nihilominus
1044 4418 1123 4462 eum
1139 4398 1359 4464 retinuerunt
1372 4397 1525 4487 perfrac-

205 4507 238 4567 te
257 4524 289 4567 v.
308 4507 349 4567 211
367 4528 383 4561 9
401 4514 434 4567 et
449 4501 523 4568 clini
535 4500 648 4567 991999
664 4524 675 4569 .·
692 4501 777 4591 qnid
789 4515 838 4568 est
850 4500 1020 4568 9999199999
1040 4503 1089 4569 nd
1105 4503 1200 4591 qnod
1211 4526 1267 4570 999
1281 4502 1525 4593 enqredeinini?

205 4620 238 4673 et
249 4621 406 4675 nocetum
417 4620 464 4674 est
477 4630 599 4675 999199
615 4608 686 4674 eius
696 4607 865 4675 excelsum
880 4609 1045 4699 nequead
1057 4609 1145 4676 19999
1161 4609 1251 4677 diem
1268 4632 1303 4692 »;
1319 4650 1364 4661 -
1377 4611 1525 4677 1919999-

206 4714 299 4801 gatio
321 4719 372 4780 991
391 4713 599 4799 indignantis
618 4736 626 4782 :
648 4714 734 4804 quid
754 4714 819 4781 sibi
837 4715 911 4782 vult
925 4716 1118 4783 excelsum?
1133 4721 1171 4782 ut
1185 4715 1268 4806 quid
1282 4716 1337 4783 itis
1351 4715 1393 4783 ad
1410 4717 1524 4783 excel-

198 4824 303 4889 sum?
322 4843 390 4910 qua
412 4820 585 4887 iudicatur
607 4844 663 4888 eos
685 4843 786 4912 saepe
811 4827 919 4888 alteo
937 4845 999 4912 per
1017 4822 1201 4913 prophetas
1223 4823 1266 4890 de
1287 4823 1350 4891 isto
1373 4824 1523 4890 crimine
