3509 5425
1578 396 1674 452 ΕΞ.
1726 396 1835 452 210-
1851 392 1923 452 affl
2591 424 2603 436 ·
2947 396 3063 452 513

434 540 630 608 docet
666 540 866 608 Hehr.
914 548 1026 616 3.ss
1070 564 1210 628 seq.
1262 548 1462 624 11],111
1494 548 1558 608 et
1594 548 1831 624 12323
1867 540 1999 606 sihi
2043 547 2107 608 et
2151 540 2471 608 fidelihus
2515 544 2799 628 apostoli
2839 544 3063 608 vindi-

434 654 590 712 cant
638 652 702 712 et
754 648 1142 712 attribuunt
1190 652 1518 736 promissa
1574 652 1646 716 in
1698 648 1851 732 lege
1899 652 2123 712 vetere
2167 648 2375 728 fanta;
2427 648 2583 712 vide
2635 656 2775 716 Ant.
2835 656 3063 728 13‚!‡7.

434 760 474 820 2
506 760 654 820 Car.
690 760 874 824 fida.

518 860 830 924 Secundo·
886 860 1118 928 ludaei
1162 864 1470 928 infideles
1526 864 1610 928 ab
1658 864 1847 928 11111Πὶ
1903 864 2079 928 Sacri
2131 864 2423 928 nominis
2467 864 2947 928 cummunione
3003 868 3067 928 et

434 968 838 1052 eng-natione
886 968 1122 1056 papuli
1166 968 1282 1036 noi
1322 968 1779 1036 exeluduntur
1835 988 1851 1036 :.
1907 992 2020 1036 vas
2067 992 2147 1036 ex
2191 976 2383 1060 patre
2435 968 2707 1036 diaholo
2751 972 2939 1048 estis,
2987 972 3067 1036 iis

434 1072 602 1141 [linit
646 1076 954 1141 Christus
1010 1076 1150 1165 ipse
1210 1076 1422 1161 (Inan.
1486 1080 1718 1161 &stiffi
1775 1099 1887 1141 ens
1939 1096 2371 1165 synagogam
2427 1080 2703 1141 satanae
2763 1076 3067 1165 appellat

434 1185 498 1245 5.
546 1185 826 1245 loannes
854 1181 1086 1270 [Apnn.
1118 1189 1230 1257 ’2,91
1258 1205 1270 1265 ;
1314 1185 1454 1269 aa]
1482 1189 1546 1249 et
1578 1185 1710 1249 iarn
1742 1205 2147 1269 praecursor
2175 1185 2442 1249 [lumini
2475 1185 2831 1249 annuntiat
2867 1185 3067 1253 arho-

438 1309 582 1353 rem
638 1289 1126 1353 infruet'unsaffl
1176 1289 1262 1353 iri
1302 1293 1638 1365 excisum.
1682 1289 2147 1357 ventilabrum
2199 1313 2339 1357 esse
2379 1289 2451 1353 in
2499 1313 2711 1353 manu
2759 1293 3059 1369 Messinm

434 1393 666 1481 paleas
698 1393 786 1457 iri
826 1397 1206 1485 prnieelum
1246 1401 1310 1461 ct
1338 1397 1767 1461 annihilatum
1799 1397 1843 1461 i.
1887 1417 1947 1461 e.
1987 1397 2271 1461 lutiaens
2299 1393 2611 1461 infideles
2649 1397 2735 1461 iri
2775 1417 3067 1485 sae-:punc-

438 1505 586 1565 tum
634 1509 698 1565 et
746 1501 1050 1565 deletum
1098 1501 1182 1569 de
1234 1501 1486 1589 papula
1538 1505 1654 1569 Dei
1706 1505 1959 1589 [matth.
2011 1509 2195 1585 :3‚1n.
2251 1509 2387 1589 iffi.
2451 1501 2635 1569 [Inde
2679 1505 3059 1569 necessaria

434 1609 742 1693 Sequitur
774 1609 1110 1673 Christum
1154 1613 1218 1673 et
1250 1609 1586 1697 apostulus
1618 1609 1899 1677 oracula
1935 1609 2052 1673 illa
2091 1617 2155 1673 et
2187 1609 2523 1697 promissa
2555 1609 2639 1673 de
2671 1633 2883 1693 regnu
2911 1613 3059 1690 Dei,

434 1713 518 1777 de
570 1713 826 1805 papule
874 1713 986 1781 Dei
1042 1717 1442 1781 intellexisse
1486 1717 1582 1781 ita
1630 1721 1706 1781 ut
1754 1717 1873 1781 illa
1919 1717 2075 1781 data
2123 1717 2259 1781 sint
2307 1737 2443 1781 nnn
2497 1713 2759 1781 ludaeis
2807 1741 3063 1801 genere

434 1841 658 1909 neque
694 1821 782 1885 de
814 1821 894 1885 iis
930 1821 1230 1901 valeant„
1278 1821 1394 1888 sed
1426 1825 1502 1889 ut
1526 1829 1827 1913 spectent
1859 1821 1943 1889 ad
1983 1845 2099 1889 ens
2135 1845 2367 1889 1111111113
2407 1829 2471 1889 et
2507 1821 2683 1889 solos..
2711 1825 2827 1909 qui
2859 1821 3067 1889 fidem

434 1925 674 1993 Christi
714 1925 1010 2017 amplexi
1046 1929 1334 2009 fuer-inm
1378 1929 1430 1993 ii
1454 1929 1634 1993 enim
1670 1933 1827 1993 sunt
1855 1929 2051 2021 plebs
2083 1929 2203 1993 illa
2231 1929 2535 2017 perfecta
2563 1953 2739 2017 quae
2783 1929 3063 1997 flumine·

434 2033 834 2121 praeparari
874 2033 1110 2101 debuit
1162 2037 1342 2121 (hun.
1406 2041 1614 2121 1³3).
1666 2037 1968 2125 Denique
2015 2037 2251 2117 tertia,
2299 2057 2383 2101 ne
2439 2037 2687 2101 umbra
2723 2033 3063 2125 quaedam

434 2141 626 2209 dubii
658 2141 1110 2229 relinquatur,
1146 2165 1258 2205 ens
1294 2145 1474 2229 ipsus
1506 2141 1686 2205 luens
1714 2165 1883 2230 quus
1907 2141 2259 2209 chiliastae
2287 2141 2367 2209 de
2399 2141 2623 2209 reditu
2651 2141 2720 2209 in
2755 2143 3067 2209 Pal-aesti-

433 2266 596 2312 nam
633 2251 700 2312 et
727 2246 812 2314 de
845 2246 1020 2315 urbe
1049 2246 1412 2315 Ierusalem
1441 2244 1669 2313 denuo
1697 2246 2108 2313 exstruenda
2136 2247 2509 2336 explicant,
2544 2248 2618 2314 in
2642 2269 2821 2314 novo
2859 2251 3066 2315 testa-

435 2357 666 2419 mento
699 2374 777 2418 eo
809 2351 1013 2419 modo
1054 2352 1443 2419 invenimus
1485 2353 1770 2442 exponi,
1815 2357 1891 2419 ut
1917 2374 2152 2420 eorum
2179 2351 2490 2442 impletio
2527 2355 2665 2419 iam
2700 2359 2945 2445 coepta
2981 2356 3066 2422 sit

432 2458 584 2526 fieri
623 2464 930 2549 tempore
970 2459 1428 2549 apostolorum
1471 2463 1539 2527 et
1581 2458 1701 2527 fiat
1738 2460 1812 2525 in
1847 2458 2171 2545 gentibus
2202 2458 2293 2526 ad
2338 2458 2545 2525 fidem
2586 2460 2834 2526 Christi
2878 2481 3066 2528 acce-

434 2564 776 2632 dentibus.
813 2570 911 2635 lta
938 2565 1374 2635 conversione
1404 2567 1718 2654 gentium
1747 2569 2056 2655 tempore
2082 2565 2222 2633 iam
2250 2587 2371 2632 suo
2394 2564 2819 2633 reaedificari
2839 2566 3066 2633 taber-

429 2672 756 2740 naculum
791 2672 1002 2740 David
1040 2672 1225 2764 quod
1255 2671 1508 2740 decidit
1544 2675 1610 2740 S.
1639 2673 1925 2740 Iacobus
1960 2672 2033 2738 in
2073 2672 2357 2740 concilio
2388 2670 2850 2763 apostolorum
2881 2672 3065 2741 affir-

430 2784 577 2847 mat
603 2786 672 2847 et
699 2781 1099 2847 vaticinium
1125 2785 1329 2850 Amos
1354 2779 1564 2870 (9‚11)
1593 2780 1874 2847 iamiam
1912 2780 1984 2860 in
2022 2801 2193 2869 opus
2220 2777 2469 2846 deduci
2497 2780 2736 2847 asserit
2762 2786 2911 2847 Act.
2951 2786 3058 2863 15,

436 2892 661 2956 111-19.
717 2891 936 2978 Atque
978 2886 1220 2954 eodem
1267 2885 1472 2953 modo
1515 2893 1582 2954 S.
1634 2886 1886 2953 Paulus
1931 2908 2055 2953 suo
2094 2888 2235 2954 iam
2276 2890 2584 2977 tempore
2622 2886 3065 2954 conversione

429 2994 744 3079 gentium
773 2994 867 3060 ait
894 2993 1169 3083 impleri
1195 2994 1597 3061 vaticinium
1617 2991 1789 3060 illud
1808 2994 2015 3060 Isaiae
2036 2998 2192 3076 5l401
2227 3015 2369 3082 seq.
2400 2992 2486 3059 de
2509 2993 2680 3061 urbe
2698 2993 3064 3065 Ierusalem

430 3098 654 3166 denuo
704 3099 1130 3168 aedificanda
1171 3123 1187 3170 :
1228 3098 1351 3167 illa
1388 3100 1573 3173 enim
1616 3122 1794 3188 quae
1837 3122 2110 3168 sursum
2157 3104 2256 3166 est
2297 3098 2658 3167 Ierusalem
2700 3105 2800 3167 est
2844 3106 3066 3166 mater

429 3210 694 3288 nostra3
738 3208 1069 3296 scriptum
1113 3214 1216 3275 est
1251 3208 1432 3274 enim
1486 3229 1503 3276 ε
1550 3205 1808 3274 laetare
1835 3206 2084 3274 sterilis
2121 3230 2297 3296 quae
2344 3228 2488 3273 non
2524 3207 2711 3297 paris
2747 3210 2879 3274 etc.
2914 3206 3059 3274 Gal.

430 3316 593 3395 11-,26
640 3336 812 3403 seq.;
865 3313 983 3381 sed
1035 3314 1203 3404 quid
1247 3315 1329 3381 fit
1382 3314 1467 3380 de
1523 3313 1791 3381 ludaeis
1851 3312 2292 3381 infidelibus?
2342 3339 2375 3374 «
2421 3314 2588 3382 eiice
2635 3311 2957 3381 ancillam
2996 3318 3065 3380 et

430 3417 651 3486 filium
698 3420 880 3502 eius;
927 3441 1066 3487 non
1120 3421 1305 3487 enim
1350 3420 1552 3496 heres
1598 3421 1732 3487 erit
1776 3419 1964 3487 filius
2015 3420 2303 3488 ancillae
2346 3441 2504 3487 cum
2560 3420 2703 3487 filio
2755 3420 3057 3503 liberae;

428 3526 661 3614 itaque
689 3526 933 3594 fratres
952 3520 1096 3594 'non
1125 3549 1358 3594 sumus
1386 3526 1671 3594 ancillae
1706 3527 1860 3610 filii,
1897 3527 2018 3596 sed
2044 3527 2305 3595 liberae
2340 3556 2370 3587 υ
2407 3526 2550 3596 Gal.
2593 3534 2773 3608 1430.
2799 3534 2923 3595 .31.

521 3637 739 3722 Atque
776 3635 925 3724 ipsa
966 3656 1241 3724 quoque
1292 3640 1604 3701 veterum
1641 3636 2143 3724 prophetarum
2180 3633 2487 3717 oracula,
2540 3634 2598 3702 si
2648 3635 2778 3701 rite
2824 3657 2905 3701 cx
2940 3657 3061 3703 sua

428 3741 846 3818 connexione
866 3739 1406 3831 perpenduntur,
1441 3740 1749 3830 opinioni
1780 3741 1883 3807 illi
1908 3742 2377 3810 chiliastarum
2402 3746 2862 3831 opponuntur.
2894 3745 3055 3808 Nam

426 3852 627 3913 tenor
670 3868 908 3914 eorum
956 3848 1014 3913 is
1053 3853 1183 3931 est,
1227 3851 1302 3912 ut
1343 3848 1535 3936 prius
1573 3848 1983 3914 annuntient
2019 3850 2327 3916 exsilium
2360 3850 2432 3915 in
2477 3869 2767 3939 poenam
2796 3854 3061 3937 aposta-

425 3953 603 4035 siae,
653 3953 815 4019 dein
869 3953 1164 4021 reditum
1213 3976 1295 4020 ex
1349 3953 1614 4035 exsilio,
1670 3955 1784 4020 cui
1831 3954 2060 4021 statim
2101 3955 2485 4042 adiungunt
2532 3953 3058 4042 descriptionem

426 4060 632 4145 regni
669 4062 787 4128 Dei
839 4060 1198 4129 instaurati
1241 4069 1307 4127 et
1353 4060 1762 4127 universalis
1799 4059 1887 4127 ad
1928 4062 2114 4151 quod
2158 4068 2397 4149 gentes
2442 4065 2904 4143 assumentur;
2946 4061 3057 4128 vel

425 4165 726 4233 reditum
764 4189 845 4234 ex
874 4167 1105 4234 exsilio
1140 4167 1575 4235 considerant
1604 4176 1679 4233 ut
1710 4168 2014 4257 primum
2044 4170 2239 4256 quasi
2272 4166 2667 4255 gradum.et
2691 4187 3058 4257 praepara-

423 4273 681 4340 tionem
701 4278 770 4341 et
791 4274 1303 4341 inchoationem
1325 4273 1677 4363 quandam
1703 4273 1792 4341 ad
1815 4295 2144 4360 magnum
2174 4275 2348 4342 illud
2371 4297 2451 4340 ac
2478 4272 2912 4364 splendidum
2942 4274 3056 4341 Dei

422 4400 756 4465 regnum,
800 4381 874 4447 in
922 4381 1116 4448 cuius
1158 4381 1421 4468 gloriae
1466 4380 2039 4471 contemplatione
2083 4388 2151 4448 et
2190 4380 2644 4448 admiratione
2684 4381 3057 4448 sanctitatis

425 4486 855 4578 potissimum
896 4493 1276 4557 versantur.
1319 4488 1507 4555 Unde
1546 4487 1635 4556 ab
1672 4488 1893 4555 exsilii
1923 4489 2255 4556 solutione
2282 4493 2634 4556 transeunt
2672 4486 2759 4553 ad
2792 4488 3053 4556 instau-

427 4592 764 4660 rationem
793 4593 984 4660 nrbis
1012 4593 1211 4684 eique
1249 4595 1641 4662 immediate
1679 4595 2073 4682 adiungunt
2114 4600 2346 4662 ortum
2382 4599 2449 4662 et
2490 4596 3053 4684 propagationem

424 4699 628 4786 regni
656 4699 804 4783 Dei,
843 4702 1032 4768 cuius
1061 4700 1220 4768 dein
1252 4701 1466 4786 bona,
1502 4702 1835 4789 gloriam,
1880 4703 2309 4769 sanctitatem
2342 4700 2662 4769 laudibus
2695 4702 3047 4769 extollunt.

424 4811 571 4876 Iam
598 4805 782 4873 eoin
816 4813 1129 4877 contextu
1159 4830 1270 4877 eos
1294 4810 1547 4878 reverti
1579 4809 1667 4876 ad
1692 4810 1937 4879 urbem
1961 4808 2313 4900 lapidibus
2335 4813 2741 4878 exstructam
2764 4809 2963 4898 eique
2991 4812 3060 4875 et

1549 4917 1810 4968 Ezecmm..
1830 4943 1894 4955 —
1920 4921 1998 4968 33.
