3509 5425
788 416 839 474 Ea.
864 417 912 488 la,
938 418 989 476 la

395 678 424 741 u)
444 677 584 728 Suorum
599 677 740 740 quisque
754 673 918 728 scelerum
936 687 1062 740 poenes
1080 677 1203 740 pendet
1225 675 1278 741 18,
1300 675 1388 728 1-32.

273 866 456 952 Postquam
471 865 565 927 vates
580 880 716 927 morum
735 859 991 949 corruptionem
1011 859 1189 950 descripsit
1203 861 1240 927 in
1259 859 1452 928 idololatria
1466 869 1499 928 et
1515 862 1551 928 in

229 969 323 1036 civili
345 990 460 1034 rerum
479 965 774 1060 administratione
793 967 1012 1056 conspicuam
1038 966 1127 1057 (cap.
1154 972 1208 1035 16.
1228 967 1296 1056 17),
1319 967 1387 1035 iam
1402 968 1458 1034 Ilei
1474 990 1552 1034 nor-

230 1097 321 1143 mam
338 1074 520 1162 legemque
535 1073 694 1164 proponit
716 1093 785 1163 qua
799 1094 859 1140 sua
875 1073 1021 1162 quisque
1043 1074 1172 1140 scelera
1186 1072 1312 1140 debeat
1324 1075 1459 1164 expiare
1474 1097 1552 1141 suo-

229 1203 375 1273 rumque
396 1181 606 1268 flagitiorum
624 1201 752 1270 poenas
774 1179 888 1262 luere,
913 1201 957 1246 ue
979 1180 1051 1248 scil.
1073 1179 1159 1246 falso
1181 1179 1247 1247 sibi
1271 1180 1502 1270 persuadeant
1517 1204 1554 1248 se

230 1290 339 1356 solum
352 1289 485 1376 flagitia
499 1292 637 1377 patrum
656 1293 689 1353 et
703 1285 944 1372 castigationes
962 1285 1005 1352 iis
1017 1285 1151 1362 debitas
1167 1286 1329 1377 pendere.
1353 1291 1456 1355 Cavet
1469 1309 1554 1374 ergo

227 1419 271 1462 ne
285 1419 325 1463 ex
344 1394 508 1485 parabola
521 1415 597 1482 cap.
617 1397 657 1460 16
673 1393 846 1483 proposita
865 1393 951 1460 lalso
967 1393 1118 1459 interant
1135 1415 1173 1459 se
1191 1415 1232 1459 ea
1251 1393 1362 1460 solum
1387 1395 1553 1462 sustinere

234 1524 321 1592 quae
336 1502 432 1568 fatali
446 1499 595 1589 quadam
610 1499 809 1566 necessitate
829 1521 868 1566 ex
883 1505 1021 1590 patrum
1033 1500 1213 1589 iniquitate
1234 1505 1495 1590 consequantur.
1513 1507 1557 1569 Se

236 1610 326 1699 ipsos
348 1613 521 1696 tamquam
548 1612 742 1696 peccatores
765 1610 799 1672 et
817 1628 949 1696 poenae
972 1606 1135 1673 obnoxios
1157 1628 1342 1694 agnoscere
1360 1607 1503 1686 debent,
1528 1609 1556 1674 si

235 1737 335 1782 verus
347 1713 405 1781 ille
418 1714 525 1781 exsilii
539 1713 682 1794 tructus,
702 1711 896 1780 emendatio
913 1734 1060 1794 morum,
1078 1719 1259 1780 enascatur
1280 1719 1425 1804 oportet.
1446 1720 1557 1793 Quare

230 1822 502 1914 prophetamuta
516 1819 623 1886 visua
636 1840 808 1909 quemque
823 1817 952 1886 scelera
961 1824 1177 1909 portaturum
1190 1841 1262 1886 esse
1273 1819 1435 1891 affirmat.
1449 1820 1558 1910 ldque

230 1951 270 1996 eo
281 1929 392 2016 magis
402 1932 476 1994 erat
486 1947 558 1993 non
571 1925 682 1994 solum
694 1929 937 2016 opportunum,
952 1933 990 1992 ut
1002 1925 1158 1992 exsilium
1169 1947 1231 1994 suo
1240 1949 1309 1993 uon
1320 1933 1451 1994 careret
1461 1927 1558 1995 truc-

233 2041 283 2116 ιιι,
300 2055 422 2102 verum
436 2034 538 2123 plane
556 2031 797 2112 necessarium,
822 2032 905 2121 quia
927 2031 1020 2123 apud
1040 2033 1170 2099 exsules
1192 2033 1315 2100 iamin
1335 2033 1558 2124 proverbium

111 2145 112 2150 ’
237 2141 368 2209 abierat
382 2160 451 2206 uou
463 2139 543 2224 suis,
564 2139 623 2206 sed
643 2144 781 2229 patrum
796 2139 933 2226 flagitiis
947 2140 1085 2206 ruinam
1101 2138 1274 2207 accidisse.
1296 2139 1421 2207 Habuit
1437 2139 1474 2206 id
1492 2141 1560 2207 ali-

231 2268 335 2337 quam
357 2247 430 2313 veri
450 2246 598 2336 speciem
617 2267 695 2313 cum
719 2246 854 2336 saepius
873 2245 966 2336 apud
983 2245 1168 2336 prophetas
1187 2245 1318 2314 dicatur
1339 2245 1561 2314 evertendam

232 2377 302 2422 esse
316 2353 439 2420 urbem
458 2357 599 2443 propter
610 2357 749 2442 peccata
763 2356 912 2420 Manasse
933 2350 1010 2442 (ler.
1028 2353 1135 2443 ¹5³ll·
1153 2351 1247 2431 Quod
1261 2357 1300 2419 ut
1314 2353 1377 2420 rite
1390 2353 1563 2440 intellige-

231 2466 337 2544 retur,
355 2458 515 2526 monendi
525 2462 621 2526 erant
641 2459 684 2526 de
701 2481 763 2526 sua
780 2480 859 2526 cum
873 2459 1021 2549 peccatis
1035 2463 1172 2549 patrum
1186 2459 1448 2549 conspiratione.
1464 2459 1563 2526 Unde

233 2591 267 2636 v.
283 2574 299 2634 1
318 2593 335 2630 ιι
355 2569 401 2634 Et
411 2566 525 2656 suctus
539 2578 589 2634 est
600 2588 709 2632 serum
725 2565 923 2632 Douzim’ad
934 2587 988 2632 me
1002 2565 1114 2633 dicens
1129 2587 1141 2633 .·
1156 2587 1188 2632 v.
1212 2565 1330 2656 aquia
1340 2577 1389 2633 est
1399 2566 1493 2656 quod
1506 2567 1563 2633 iu-

236 2687 285 2742 ter
296 2697 353 2741 cos
363 2671 570 2765 parabolam
581 2673 708 2741 vertitis
718 2672 754 2739 iu
768 2671 990 2762 prouerbium
1005 2670 1098 2739 estod
1113 2672 1150 2739 in
1162 2684 1252 2739 terra
1266 2671 1375 2740 Istud
1388 2672 1564 2741 dimittes:

228 2794 346 2873 patrea
362 2780 579 2848 concederunt
588 2804 691 2847 uuam
705 2779 862 2847 acerbum
878 2792 911 2846 ct
924 2779 1039 2847 dentes
1047 2780 1202 2870 filiorum
1216 2778 1455 2869 obstupescunt
1463 2784 1502 2847 a?
1517 2819 1568 2831 —

236 2889 334 2957 hebr.
352 2887 437 2977 quid
451 2886 542 2953 cobis
561 2888 584 2955 i.
605 2910 635 2956 e.
654 2887 738 2977 quid
758 2885 855 2953 vobis
872 2888 909 2953 in
927 2892 1077 2954 mentem
1096 2889 1201 2969 veuit,
1221 2892 1258 2954 ut
1273 2887 1497 2977 proverbium
1518 2888 1569 2955 il-

237 2996 298 3062 lud
316 2996 459 3063 interra
475 2994 575 3061 lsrael
592 3000 796 3084 usurpatum
820 3014 877 3061 vos
896 3015 1034 3083 quoque
1051 2994 1299 3060 circumferatis
1312 2997 1345 3060 et
1361 2994 1569 3084 frequenter

238 3113 275 3176 in
295 3133 354 3178 ore
383 3111 539 3176 versetis‘?
564 3114 653 3177 Bene
676 3113 757 3176 Lxx
780 3109 1001 3200 proverbium
1026 3109 1146 3176 iactari
1167 3109 1314 3176 efferunt
1340 3108 1370 3171 ἐν
1393 3112 1462 3183 τοῖς
1483 3108 1571 3183 υἱοῖς

236 3223 380 3314 'lupa-ck
401 3216 479 3282 vide
495 3216 537 3283 ad
557 3220 621 3283 ler.
639 3222 752 3299 3129.
772 3218 977 3283 Enuntiatur
988 3216 1054 3282 hoc
1073 3214 1150 3282 loco
1167 3216 1273 3282 etiam
1295 3217 1405 3303 magis
1422 3218 1458 3284 in
1480 3220 1571 3284 uni-

233 3354 370 3399 versum
390 3353 398 3400 :
417 3338 530 3422 patres
546 3329 765 3399 comeduut...
786 3332 978 3399 nonsolum
992 3331 1102 3419 igitur
1116 3331 1206 3399 dere
1220 3332 1405 3422 praeterita
1421 3332 1456 3399 id
1469 3356 1572 3401 assc-

236 3442 316 3504 runt
330 3444 364 3504 et
378 3438 419 3505 de
439 3438 604 3522 motato,
625 3438 684 3504 sed
706 3445 885 3528 tamquam
904 3439 1017 3526 legem
1036 3460 1256 3506 communem
1280 3445 1313 3505 et
1331 3439 1572 3510 ordinariam.

234 3544 392 3634 Aliquam
404 3546 475 3611 veri
490 3545 635 3634 speciem
648 3544 832 3634 proverbio
843 3544 1019 3612 conciliari
1028 3549 1121 3635 patet
1134 3566 1174 3611 ex
1185 3551 1243 3612 Ex.
1256 3551 1353 3628 20‚5;
1370 3552 1464 3629 3t‚'l.
1478 3550 1572 3615 Lev.

238 3656 352 3733 2639.
369 3657 422 3719 tt.
441 3656 539 3719 Num.
558 3658 670 3733 lt,18.
692 3656 787 3718 [leut.
805 3659 875 3734 5,9‚
893 3651 1019 3741 quibus
1034 3651 1118 3718 locis
1131 3656 1217 3719 lleus
1238 3657 1377 3742 patrum
1394 3652 1577 3743 iniquita-

236 3763 306 3825 tem
328 3756 470 3824 reddere
488 3758 613 3825 dicitur
628 3780 730 3849 super
743 3758 830 3825 filios
848 3759 886 3824 in
907 3758 1042 3825 tertiam
1062 3764 1095 3825 et
1109 3765 1270 3848 quartam
1288 3759 1574 3845 generationem.

237 3870 277 3932 Et
297 3886 353 3948 en,
375 3866 477 3931 tertia
496 3870 529 3931 et
548 3871 671 3955 quarta
692 3866 869 3951 generatio
888 3887 908 3931 a
927 3870 1084 3946 Marassa
1106 3887 1189 3951 rege
1204 3865 1329 3955 impio,
1351 3864 1417 3932 filii
1436 3867 1577 3955 losiae,

238 3978 377 4062 nepotes
398 3978 431 4038 ct
454 3971 639 4063 abnepotes
659 3976 804 4038 Marassa
832 3970 1091 4059 affligebantur!
1117 3972 1205 4038 Fieri
1230 3973 1349 4061 utique
1372 3976 1503 4063 potest,
1535 3985 1582 4043 ut

237 4080 274 4146 in
300 4079 401 4146 rebus
423 4077 570 4168 publicis
594 4081 628 4144 et
656 4077 814 4144 civilibus
842 4100 930 4166 quae
958 4078 1103 4145 maiores
1131 4079 1220 4146 male
1244 4078 1455 4146 instituerint
1483 4082 1583 4152 filiis

238 4186 377 4252 demum
402 4184 456 4251 vel
480 4184 659 4274 nepotibus
682 4186 749 4251 sint
767 4185 966 4251 sustinenda
989 4185 1043 4250 vel
1066 4184 1249 4276 expianda;
1270 4184 1367 4252 atde
1390 4187 1584 4259 eiusmodi

238 4291 487 4358 calamitatibus
512 4290 569 4358 hic
589 4313 658 4357 non
678 4292 793 4378 agitur
813 4296 846 4358 et
866 4313 970 4382 quam
992 4313 1173 4383 perperam
1192 4294 1317 4359 iactent
1334 4292 1404 4360 tale
1421 4316 1587 4384 prover-

237 4396 351 4480 bium,
369 4421 409 4464 ex
423 4399 495 4489 ipsa
515 4397 591 4484 lege
609 4398 870 4486 pentateuohica
882 4399 1005 4465 elucet.
1021 4402 1137 4488 Neque
1151 4399 1244 4465 enim
1259 4403 1345 4466 Deus
1359 4400 1526 4472 absolute
1544 4414 1589 4475 et
1718 4383 1720 4458 Ῑ

238 4504 273 4568 in
292 4504 487 4571 universum
513 4503 596 4570 dicit
619 4526 652 4571 se
676 4505 895 4571 visitaturum
917 4510 1057 4595 patrum
1078 4505 1293 4595 iniquitatem
1312 4506 1349 4583 in
1370 4508 1519 4577 tertiam
1547 4522 1591 4583 et
1718 4521 1720 4588 ξ

238 4615 395 4698 quartam
415 4611 683 4698 generationem,
706 4610 820 4678 sedin
844 4614 1102 4699 generat-ionem
1121 4633 1238 4679 eorum
1257 4613 1319 4701 qui
1336 4611 1489 4680 oderunt
1519 4640 1592 4691 me
1718 4629 1720 4680 ι

239 4722 310 4803 (Ex.
330 4722 424 4801 20‚5.
443 4721 539 4784 Deut.
564 4718 635 4807 5‚9)
652 4724 685 4784 et
703 4740 737 4785 se
759 4718 912 4805 affligere
930 4717 1005 4786 illos
1018 4725 1159 4809 propter
1173 4723 1314 4808 peccata
1328 4724 1467 4810 patrum
1490 4746 1595 4797 suo-
1718 4719 1720 4804 ἐ

239 4845 315 4889 rum
333 4834 368 4891 et
384 4844 459 4907 suu,
477 4823 585 4890 donec
609 4824 836 4892 confiteantur
857 4825 1055 4915 iniquitates
1071 4848 1152 4893 satus
1172 4830 1206 4892 et
1226 4827 1397 4893 maiorum
1417 4848 1594 4908 suorum
1718 4845 1720 4870 ¹
