3509 5425
252 379 311 438 til
810 373 862 432 ΕΖ.
888 373 938 444 Η,
962 370 1018 428 ’149

295 532 419 594 Verum
432 547 510 591 mox
520 523 664 613 appetiit
676 521 833 589 Sedecias
845 521 968 588 foedus
980 520 1234 610 aegyptiacum,
1252 541 1320 609 quo
1333 521 1455 606 iugum
1468 542 1571 588 excu-

252 639 337 702 teret
349 631 594 724 babylonicum
607 652 639 696 v.
656 633 676 694 '1
694 657 709 690 ιι
728 641 761 695 et
771 629 867 719 facta
882 641 933 694 est
944 626 1065 716 aquila
1081 627 1191 692 altera
1204 625 1345 716 praisdis
1356 628 1489 717 mapm's
1506 627 1573 695 atu

253 739 436 828 multisque
445 736 578 827 plumis
585 757 599 818 ;
613 747 646 802 et
657 758 732 802 ecce
744 735 844 802 vinea
859 735 925 802 ista
937 733 1039 824 quasi
1048 733 1184 799 mitteres
1196 732 1328 800 radices
1343 756 1424 800 suas
1437 733 1485 801 ad
1495 756 1573 801 eam

248 847 408 936 palmites
426 865 504 910 suos
526 841 678 909 extendit
698 841 747 909 ad
763 840 879 923 illam,
902 853 941 906 at
955 841 1114 930 r'rriparet
1127 861 1204 906 eam
1217 839 1259 906 de
1273 840 1397 907 areolis
1412 841 1575 930 perminis

251 953 305 1019 sai
321 981 335 1012 »
349 971 356 1030 ;
373 991 418 1002 —
433 951 477 1018 cf.
495 973 529 1016 v.
545 957 598 1018 15.
620 950 697 1016 Vitis
709 948 819 1015 noluit
830 969 901 1015 esse
911 947 975 1015 sub
987 949 1102 1036 priore
1115 947 1231 1037 aquila
1243 970 1251 1030 3
1268 946 1314 1014 ad
1327 947 1471 1014 alteram
1482 948 1575 1014 flexit

251 1060 381 1127 radices
400 1079 477 1124 suas
494 1056 622 1146 (hebr.)
645 1063 679 1122 et
692 1055 849 1146 palmites
868 1054 913 1120 ad
934 1075 1014 1121 eam
1032 1053 1184 1120 extendit
1204 1052 1246 1123 de
1265 1055 1387 1121 areolis
1405 1051 1462 1120 vel
1474 1053 1574 1120 lineis

251 1164 470 1257 plantationis
494 1185 575 1230 suae
598 1161 726 1252 (hebr.)
749 1162 773 1228 i.
798 1184 829 1228 e.
856 1158 997 1228 deloco
1018 1161 1141 1249 inquo
1162 1159 1316 1249 plantata
1333 1164 1406 1227 erat
1424 1159 1574 1227 extendit

251 1273 408 1364 palmites
429 1270 473 1336 ad
494 1269 645 1360 aquilam
669 1268 829 1346 alteram,
855 1274 893 1332 ιιι
915 1267 959 1333 ab
977 1288 1018 1333 ea
1033 1267 1240 1354 irrigaretur
1258 1267 1319 1356 (cf.
1342 1266 1443 1357 Vae),
1464 1267 1518 1333 vel
1537 1271 1599 1336 ut.

254 1379 349 1446 hebr.
362 1399 500 1468 quoque
511 1377 595 1444 verti
611 1380 721 1465 potest
738 1397 745 1442 :
761 1383 799 1442 ut
808 1373 852 1440 ab
868 1397 909 1442 ea
923 1373 1129 1460 irrigaretur
1144 1372 1222 1463 plus
1231 1395 1336 1464 quam
1350 1373 1395 1440 ab
1409 1373 1524 1441 areola
1538 1375 1574 1440 in
1643 1460 1646 1469 .

254 1508 322 1576 qua
338 1485 492 1574 plantata
506 1488 578 1549 erat
590 1481 675 1571 (0.)
692 1485 831 1548 'lamere
843 1481 879 1547 id
894 1481 1023 1547 factum
1043 1501 1113 1546 esse
1130 1478 1302 1546 indicatur
1313 1502 1347 1548 v.
1364 1485 1384 1547 8
1401 1506 1419 1544 a
1434 1479 1472 1547 ia
1485 1492 1575 1547 terra

256 1593 342 1658 bona
352 1612 453 1680 saper
466 1611 575 1680 aqrtes
589 1589 715 1655 mattas
727 1587 888 1677 plantata
903 1599 967 1668 est,
985 1598 1023 1652 at
1034 1586 1145 1675 [aetat
1155 1585 1296 1675 [rondes
1309 1600 1343 1653 et
1350 1599 1469 1678 portet
1478 1588 1575 1676 srae-

256 1713 328 1766 tam
348 1711 386 1764 ιιι
398 1697 440 1763 sit
454 1697 491 1764 ia
504 1697 640 1762 ot'aeam
657 1694 826 1785 proadem
843 1717 880 1776 »;
902 1733 946 1742 -
960 1694 984 1760 i.
1004 1716 1033 1762 e.
1055 1692 1141 1783 quid
1162 1715 1247 1784 opus
1264 1692 1417 1760 habebat
1433 1694 1478 1761 ad
1495 1694 1576 1762 alte·

256 1825 329 1872 ram
346 1803 497 1893 aquilam
510 1803 689 1870 incurvare
709 1823 821 1868 ramos
844 1806 876 1867 et
896 1801 940 1867 ab
960 1822 1001 1868 ea
1021 1805 1177 1891 expetere
1194 1800 1457 1886 irrigationem?
1471 1801 1541 1868 iam
1555 1825 1578 1870 a

255 1912 371 2002 priore
381 1909 657 2000 aquilaplantata
668 1914 740 1976 erat
749 1909 786 1974 in
796 1929 919 1998 campo
929 1906 1033 1973 fertili
1047 1905 1091 1973 ad
1105 1929 1211 1996 aquas
1227 1906 1362 1992 multas,
1377 1908 1426 1975 ita
1439 1912 1477 1974 ut
1488 1907 1576 1975 bene

257 2024 422 2085 cresceret
443 2022 476 2083 et
493 2021 723 2106 prosperaret.
745 2020 836 2101 Ergo
855 2014 986 2080 nullam
1004 2013 1152 2080 adfuisse
1167 2031 1320 2096 causans,
1342 2036 1402 2081 our
1422 2014 1577 2082 Sedecias

257 2148 277 2190 a
295 2146 378 2211 rege
389 2121 706 2190 Nabuchodonosor
722 2127 841 2189 contra
855 2121 914 2187 [tei
929 2119 1141 2187 voluntatem
1160 2119 1338 2205 deficeret,
1359 2140 1438 2187 oum
1457 2119 1576 2189 subeo

258 2237 342 2297 Deus
357 2250 504 2316 regnum
518 2227 693 2295 iudaicam
707 2229 788 2294 satis
801 2249 965 2318 prospere
984 2249 1019 2293 se
1036 2227 1163 2294 habere
1177 2227 1290 2294 vellet.

300 2338 379 2405 Eius
401 2357 481 2402 vero
501 2336 704 2402 temeritatis
718 2340 751 2401 et
773 2334 971 2402 defectionis
988 2355 1117 2427 poenas
1136 2332 1233 2400 dabit
1254 2357 1288 2400 v.
1313 2341 1333 2401 9
1356 2361 1373 2397 ιι
1395 2334 1451 2401 dic
1467 2336 1577 2402 :baec

258 2443 339 2511 dicit
352 2444 516 2510 Dominus
531 2445 619 2509 Deus
639 2465 650 2508 :
667 2463 789 2531 erpone
805 2439 1092 2531 prosperabitur?
1105 2462 1214 2507 nouae
1229 2439 1360 2507 radices
1374 2442 1446 2508 cias
1460 2442 1579 2510 evellet

259 2562 291 2617 et
308 2551 442 2640 fractus
466 2548 734 2637 cias-distriupet
755 2561 788 2614 et
806 2547 947 2614 siccabit
966 2570 1080 2614 omnes
1097 2547 1258 2636 palmites
1273 2549 1436 2638 perusinis
1454 2549 1525 2615 cias
1547 2562 1579 2614 et

259 2669 403 2739 arescet,
421 2669 454 2725 et
471 2678 540 2724 uon
559 2656 596 2723 in
613 2655 749 2723 bracltio
765 2654 891 2746 prandi
902 2677 1011 2745 aeqzre
1026 2656 1062 2721 irc
1069 2656 1203 2746 papale
1218 2653 1344 2739 multo,
1365 2667 1404 2721 ιιι
1424 2655 1579 2725 evelleret

259 2788 335 2833 eam
353 2765 516 2833 radicitus
533 2766 571 2831 »t
592 2803 635 2814 —
652 2785 736 2830 num
751 2762 929 2854 proficiet?
948 2784 1032 2829 num
1052 2762 1145 2829 istud
1159 2764 1338 2859 eonsilium
1349 2786 1413 2853 pro
1423 2764 1510 2831 votis
1522 2786 1579 2831 oe-

258 2873 338 2940 det‘l
355 2895 468 2940 nonne
490 2871 607 2962 aquila
625 2872 723 2961 prior
739 2870 873 2938 radices
889 2870 961 2936 cius
980 2868 1104 2935 evellet
1118 2874 1151 2937 et
1165 2869 1366 2959 exstirpabit
1381 2874 1415 2936 et
1429 2870 1579 2940 fructum

260 2979 423 3061 decutiet,
445 2984 483 3045 ut
501 2978 578 3043 vitis
598 2984 729 3045 arescat
754 2977 898 3067 (hebr),
925 2980 963 3042 ut
982 2998 1100 3080 omnes
1124 2976 1214 3043 rami
1231 2978 1399 3063 germinis
1417 2977 1490 3044 eius
1504 2997 1580 3044 are-

260 3088 368 3153 fiant?
385 3108 495 3175 neque
515 3084 559 3151 ad
575 3085 712 3151 vineam
734 3106 809 3152 eam
833 3082 995 3149 radicitus
1015 3082 1228 3150 evellendam
1242 3105 1328 3174 opus
1347 3084 1380 3151 ei
1395 3083 1460 3150 erit
1474 3083 1581 3150 multo

260 3194 376 3259 labore
396 3193 579 3281 multisque
601 3192 726 3280 copiis,
748 3191 808 3257 sed
828 3190 929 3258 facile
943 3191 1049 3257 vitem
1066 3189 1217 3257 destruet
1236 3213 1275 3257 ao
1288 3190 1421 3280 perdet.
1438 3190 1582 3279 Singula

263 3298 307 3365 ad
322 3298 500 3366 Sedeoiam
511 3298 652 3387 eiusque
664 3302 789 3364 sortem
800 3296 1080 3365 accommodant:
1096 3296 1228 3364 radices
1239 3297 1385 3363 evellere
1399 3298 1423 3365 i.
1438 3319 1469 3363 e.
1481 3300 1580 3385 regni

261 3405 366 3472 robur
381 3404 559 3485 demoliri;
576 3404 727 3470 fructum
741 3404 951 3491 distringere
964 3410 1013 3471 est
1030 3403 1117 3469 tilios
1133 3405 1225 3491 regis
1237 3425 1299 3493 per
1313 3403 1384 3470 vim
1399 3403 1583 3471 immatura

262 3516 370 3578 morte
388 3510 608 3599 praecidere;
634 3510 761 3577 siccare
781 3512 939 3600 palmites
955 3517 1005 3577 est
1018 3512 1090 3578 eius
1109 3511 1312 3577 memoriam
1330 3509 1483 3578 funditus
1500 3510 1581 3577 abo

260 3620 346 3699 lere,
364 3617 418 3683 vel
430 3618 541 3707 potius
556 3617 730 3709 principes
743 3618 816 3685 eius
830 3623 864 3685 et
876 3617 1149 3703 consanguineos
1163 3616 1336 3684 trucidare
1352 3617 1470 3706 (Prad.
1487 3616 1578 3685 Pirtt.

262 3723 367 3790 Mald.
394 3726 478 3813 Lap.
505 3726 594 3790 Mera
626 3722 719 3813 Tau).
753 3728 840 3790 Sane
862 3725 899 3790 in
921 3724 996 3812 ipsa
1017 3724 1181 3814 parabola
1200 3729 1308 3791 totum
1329 3744 1479 3811 regnum
1504 3744 1583 3792 cum

262 3830 420 3897 omnibus
433 3830 612 3896 ordinibus
628 3829 836 3917 designatur.
855 3830 1019 3897 Ultimum
1031 3852 1148 3897 versus
1159 3831 1356 3899 membrum
1367 3831 1470 3898 etiam
1484 3830 1584 3901 aliter

261 3938 464 4026 concipitur.
479 3941 550 4004 lam
566 3936 675 4003 tituta.
690 3943 807 4003 monet
822 3958 942 4003 verum
954 3939 1026 4003 eius
1040 3959 1176 4004 sensum
1190 3937 1356 4005 declarari
1368 3938 1460 4005 infra
1473 3960 1507 4005 v.
1525 3945 1581 4019 173

262 4044 354 4112 unde
373 4066 443 4110 esse
460 4043 699 4134 explicandum
717 4066 724 4111 :
739 4066 807 4111 non
822 4044 947 4133 poterit
959 4065 1017 4111 rex
1031 4045 1179 4134 Aegypti
1193 4046 1351 4134 quamvis
1364 4066 1443 4111 cum
1458 4066 1584 4131 magna

263 4152 413 4242 potentia
427 4155 460 4217 et
472 4151 621 4217 exercitu
636 4151 750 4217 veniat
768 4150 943 4217 Sedeciam
960 4150 1125 4230 liberare3
1142 4150 1302 4242 idemque
1317 4155 1585 4218 commemorant

265 4262 348 4348 Lap.
367 4260 457 4325 Mea.
485 4264 518 4323 et
542 4263 733 4347 sequuntur
753 4257 843 4323 Hitz.
868 4258 961 4337 Keil,
984 4257 1075 4323 unde
1092 4246 1248 4357 nts'tjpb'
1265 4256 1434 4348 explicant
1452 4269 1491 4323 at
1510 4279 1584 4323 earn

266 4381 409 4471 eriperet
429 4403 440 4447 .·
460 4404 573 4472 neque
596 4403 674 4447 oum
692 4402 820 4467 magna
841 4382 991 4470 potentia
1011 4381 1086 4447 fieri
1107 4383 1247 4471 poterit,
1269 4388 1308 4450 ut
1324 4404 1401 4449 eam
1417 4380 1529 4468 erigat
1545 4381 1587 4447 de

300 4663 319 4706 ι,
336 4655 469 4711 Quomodo
483 4656 545 4705 haee
558 4670 607 4705 vox
625 4656 658 4705 sit
672 4654 837 4719 explicanda,
850 4670 902 4707 non
920 4657 1093 4709 consentiunt.
1110 4657 1160 4707 alii
1179 4658 1338 4710 infinitivum
1357 4656 1434 4708 modo
1456 4658 1586 4709 aramaico

267 4737 405 4785 formatum
422 4740 563 4799 agnoscunt
582 4732 625 4798 (ct.
641 4738 707 4796 top.
725 4735 850 4786 achron.
870 4742 937 4799 19‚7;
954 4736 1064 4798 Erratd,
1083 4738 1176 4789 Lehrb.
1188 4740 1201 4801 ἓ
1215 4742 1260 4789 239
1276 4754 1305 4800 a;
1324 4739 1402 4801 ιιι),
1418 4740 1481 4791 ttett
1498 4739 1585 4803 potius

266 4823 454 4875 substantivum
469 4823 539 4875 cerni
554 4824 620 4887 vult,
636 4828 664 4876 ι’.
680 4838 736 4875 eain
750 4823 859 4875 foratam
873 4826 949 4890 plane
958 4826 1056 4891 respuit
1070 4826 1184 4879 scribens
1198 4828 1272 4880 nse
1287 4804 1362 4881 nib.
