3509 5425
235 365 296 426 iio
780 363 832 422 Ee.
854 362 907 434 ii,
930 361 1021 420 tait

234 519 268 581 et
289 511 388 580 datus
409 517 458 582 est
476 512 521 580 ad
542 510 754 602 poliendum.
779 513 819 578 nt
842 509 980 600 qualem
999 513 1147 596 stragem
1169 507 1278 574 hostis
1298 527 1475 598 percussor
1497 505 1563 574 tali

235 619 387 708 gladios
400 619 543 686 Domino
554 618 739 686 instructus
753 617 796 684 sit
807 616 974 701 editurus,
988 614 1189 706 depingitur
1201 614 1452 681 lamentationis
1462 635 1565 705 prae·

235 731 330 817 cepto
348 749 381 792 v.
400 731 442 792 ia
460 754 475 786 «
494 724 605 792 clama
620 737 654 791 et
671 724 769 792 ulula
780 723 837 814 fili
849 721 1015 803 horrebis,
1030 721 1113 812 quia
1127 717 1181 787 lu'c
1191 721 1305 811 faetus
1321 732 1371 786 est
1383 718 1563 811 iapopulo

235 809 330 914 meo:
347 831 402 899 tic
428 830 465 899 tit
486 831 614 900 eunctis
639 827 784 899 ducibus
801 829 910 898 lsrael
929 829 992 919 qui
1007 830 1193 919 supereum
1209 827 1327 918 plodio
1348 826 1564 914 traditisuut

236 961 313 1006 cum
332 939 461 1029 populo
483 959 577 1020 meo,
599 937 724 1005 idcireo
744 936 879 1029 plaude
897 956 1002 1026 super
1016 937 1131 1025 femur
1151 936 1187 1001 »t
1211 973 1257 984 -
1274 934 1298 1000 i.
1320 957 1350 1000 e.
1372 934 1563 1001 lamentare

235 1046 459 1113 vehementer
472 1045 556 1136 quia
570 1043 706 1132 gladius
724 1044 786 1110 iste
804 1043 993 1110 destinatus
1009 1046 1058 1109 θεῖ
1069 1048 1102 1108 et
1117 1040 1292 1132 impendet
1309 1038 1436 1131 populo
1450 1044 1483 1107 et
1494 1040 1563 1108 du-

234 1151 348 1234 cibus;
363 1157 442 1219 sunt
454 1153 548 1218 enim
567 1172 683 1218 omnes
699 1149 816 1238 gladio
832 1147 966 1234 traditi,
983 1147 1128 1241 proiecti
1147 1147 1192 1215 ad
1204 1146 1378 1235 gladium;
1394 1145 1483 1215 illud
1498 1148 1565 1237 qui

230 1260 484 1350 superuacues
510 1257 604 1325 adest
631 1257 667 1325 in
690 1257 806 1338 hebr,
833 1278 945 1347 neque
967 1256 1003 1322 iu
1023 1255 1269 1324 commentario
1292 1256 1330 1322 S.
1353 1254 1448 1320 Hier.
1472 1253 1561 1320 illud

232 1366 423 1456 respicitur,
446 1365 603 1454 quamvis
617 1364 654 1430 in
672 1365 827 1430 versione
847 1362 920 1430 eius
933 1361 1022 1428 adsit
1042 1381 1051 1430 ε
1076 1383 1092 1422 ·«
1111 1361 1169 1427 hie
1187 1356 1323 1447 gladius
1335 1359 1422 1427 nulli
1435 1381 1559 1450 peper-

233 1473 299 1554 cit;
317 1472 426 1539 iactus
440 1477 489 1538 est
504 1470 540 1539 in
557 1471 703 1561 populo,
720 1470 830 1536 lactus
845 1473 895 1536 est
912 1468 948 1536 in
970 1468 1115 1535 ducibus
1135 1465 1255 1548 lsrael,
1271 1467 1379 1534 iactus
1394 1465 1431 1532 in
1445 1466 1560 1557 hospi-

226 1577 326 1643 tibus
350 1577 434 1643 meis
457 1598 496 1643 ae
519 1575 753 1644 sacerdotibus
777 1575 837 1666 qui
855 1573 1060 1642 habitabant
1082 1574 1119 1640 in
1141 1571 1270 1663 templo
1289 1595 1365 1640 meo
1387 1601 1418 1641 ».
1438 1577 1560 1640 Femur

232 1687 409 1773 percutere
433 1682 572 1750 habitus
590 1685 640 1750 θεῖ
660 1681 855 1772 plangentis
871 1687 905 1749 et
924 1680 1148 1748 vehementer
1168 1679 1313 1747 dolentis
1328 1679 1406 1770 (ier.
1425 1679 1557 1769 sisa).

234 1793 328 1856 llunc
350 1788 511 1856 habitum
534 1807 706 1856 assumere
722 1788 861 1856 iubetur
885 1811 917 1855 v.
945 1794 986 1855 13
1013 1814 1030 1848 «
1057 1786 1141 1876 perio
1160 1784 1328 1877 probatus
1353 1799 1413 1867 est,
1439 1799 1473 1852 et
1493 1787 1558 1852 hoe

233 1913 310 1963 eum
325 1906 495 1986 sceptrum
514 1895 712 1962 statuerat-tt
732 1907 766 1961 et
781 1917 850 1960 uon
864 1893 946 1974 erit,
962 1892 1046 1960 dicit
1059 1893 1225 1960 Dominus
1242 1895 1332 1959 Deus
1350 1915 1387 1975 »ς
1404 1933 1448 1942 -
1470 1923 1485 1953 o
1501 1893 1558 1960 hie

233 2003 325 2071 enim
342 2002 480 2090 gladius
498 2001 663 2093 probatus
676 2003 727 2068 est
740 2000 826 2067 mihi
843 2005 877 2067 et
889 2001 956 2068 hoc
975 2020 1053 2066 eum
1072 2003 1244 2089 sceptrum
1261 2021 1377 2066 meum
1393 2020 1558 2087 regnum-

237 2131 304 2200 que
330 2109 550 2190 subverterit,
578 2107 673 2199 quod
694 2108 786 2174 ultra
810 2129 879 2174 non
903 2105 969 2173 erit
994 2111 1027 2172 st
1046 2106 1082 2173 iu
1105 2105 1244 2173 Sedeeia
1267 2127 1348 2193 rege
1376 2107 1515 2173 finietur
1539 2134 1556 2167 s

237 2217 288 2306 (S.
305 2215 413 2304 Hier.)
428 2239 435 2299 ;
448 2214 585 2304 gladius
599 2214 656 2282 ille
672 2214 742 2282 iam
756 2212 920 2280 caedibus
932 2212 1096 2303 probatus
1112 2218 1144 2279 et
1161 2217 1312 2280 ostensus
1325 2216 1375 2280 est
1384 2219 1556 2282 exacutus.

231 2322 290 2389 vel
306 2326 372 2389 lieo
385 2321 550 2411 probatus
567 2325 617 2388 est
635 2326 669 2387 et
686 2324 807 2408 gratus
820 2318 866 2386 ad
880 2339 1028 2406 regnum
1043 2316 1126 2385 luda
1139 2317 1398 2399 succidendum.

268 2512 360 2563 Etiam
375 2513 421 2562 bie
438 2514 531 2562 textus
550 2511 629 2562 hebr.
650 2509 736 2560 simili
751 2510 879 2561 subiacet
897 2507 1064 2568 difficultati,
1081 2510 1152 2559 sicut
1164 2523 1191 2559 v.
1210 2509 1243 2560 to
1265 2511 1431 2574 praesertim
1444 2512 1559 2575 propter

201 2649 206 2658 .
236 2600 333 2700 ”95³²
351 2611 447 2688 mitt:
467 2613 580 2660 vertunt
593 2610 679 2672 aliqui
703 2609 955 2673 :experimentum
978 2606 1082 2657 lactum
1105 2609 1162 2667 est;
1187 2607 1299 2672 quidsi
1329 2612 1470 2673 sceptrum
1491 2621 1558 2658 con·

230 2730 362 2777 temnens
375 2737 432 2777 non
447 2726 519 2775 erit?
530 2726 549 2774 i.
568 2737 594 2775 e.
610 2726 635 2774 si
651 2728 792 2789 sceptrum
806 2723 877 2775 Iuda
890 2725 947 2773 vim
961 2724 1038 2774 iliam
1053 2735 1138 2786 quam
1149 2724 1176 2773 ei
1187 2726 1291 2787 putatis
1309 2725 1422 2775 insitam
1435 2736 1491 2773 uon
1506 2736 1558 2773 ox·

232 2823 324 2875 seret?
348 2822 405 2878 Sed
427 2822 507 2874 adest
530 2821 604 2873 idem
619 2820 825 2873 incommodum
844 2820 920 2885 quod
939 2833 1038 2885 supra3
1059 2808 1138 2909 cippi
1153 2827 1210 2864 non
1227 2815 1270 2864 eat
1283 2813 1379 2866 lenrin.
1388 2826 1398 2874 ς
1414 2812 1478 2863 dein
1494 2814 1557 2877 ipsa

231 2942 302 2991 haec
319 2939 424 2989 locutio
438 2938 512 2989 esset
524 2938 608 2987 nimis
623 2937 751 3002 abrupta.
768 2936 868 2987 Melius
882 2937 1012 3000 congruit
1026 2935 1102 3000 quod
1120 2934 1203 2985 laid.
1221 2931 1307 2984 caim.
1324 2931 1425 2993 crinea
1448 2930 1478 2979 iu
1496 2942 1558 2981 me·

231 3047 309 3098 dium
320 3043 464 3109 proterunt
479 3058 485 3094 :
501 3043 569 3109 quid
583 3056 651 3095 vero
664 3043 756 3103 dices,
770 3042 819 3093 ubi
830 3045 907 3094 ensis
916 3044 957 3093 ita
969 3044 1110 3107 sceptrum
1125 3040 1306 3098 comminuat,
1326 3040 1358 3087 ut
1369 3050 1484 3101 prorsus
1497 3050 1559 3087 esse

230 3152 357 3205 desinat?
372 3151 448 3202 Lxx
460 3163 573 3202 versum
585 3150 639 3200 hoc
653 3148 737 3201 modo
751 3145 938 3201 exhibentia
955 3145 1125 3210 δεδικαίωται,
1140 3141 1249 3197 astrici
1262 3138 1381 3211 ratpoti
1396 3138 1515 3213 diasat&
1531 3146 1559 3195 et

231 3249 360 3299 similiter
369 3250 465 3311 Surus:
482 3250 540 3329 lm
560 3250 608 3311 iq.
624 3250 710 3299 vertit
727 3242 873 3314 ἠρεύνησεν,
892 3250 966 3310 Sym.
984 3250 1129 3311 tamquam
1146 3245 1352 3297 substantivum
1373 3255 1379 3292 ε
1395 3236 1559 3309 bicamerata

230 3338 272 3388 uti
286 3336 392 3390 excod.
404 3348 461 3399 syr.
473 3336 585 3400 hexapl.
602 3337 743 3400 colligitur
753 3333 845 3404 (Ficta
855 3335 891 3387 ad
906 3337 934 3385 h.
946 3333 990 3401 1.).
1010 3334 1107 3385 Chald.
1123 3336 1196 3386 banc
1205 3333 1337 3398 proponit
1347 3332 1533 3395 paraphrasin
1549 3343 1556 3379 z

231 3426 298 3489 quia
307 3425 545 3489 prophetaverunt
555 3423 592 3475 ad
603 3437 652 3475 eos
662 3426 816 3490 prophetae
826 3426 854 3475 et
863 3438 921 3475 non
936 3426 1003 3476 sunt
1013 3426 1141 3475 conversi
1154 3421 1257 3487 etquid
1269 3423 1322 3473 erit
1336 3422 1366 3471 in
1378 3418 1435 3471 fine
1448 3432 1556 3476 eorum,

231 3523 276 3575 dic
291 3522 297 3573 t
315 3520 357 3573 Ex
377 3522 430 3573 hoc
448 3524 569 3571 conuersi
591 3535 649 3571 nou
666 3529 730 3572 suat
750 3524 779 3573 C.
801 3524 906 3574 textum
922 3524 961 3573 ita
979 3520 1111 3573 emendat
1125 3522 1280 3573 nnuman
1295 3521 1359 3571 ἹΞΨ
1375 3522 1416 3571 ei
1431 3522 1479 3570 nit
1495 3518 1555 3569 ΠΨ.

231 3632 296 3670 nam
311 3620 340 3668 in
354 3617 528 3681 benignitate
545 3621 604 3707 pti:
624 3618 709 3684 quid?
725 3618 744 3671 i.
765 3633 791 3671 θ.
807 3620 875 3684 quid
895 3619 1036 3672 elicerem
1052 3621 1077 3670 si
1096 3624 1190 3705 uterer
1202 3616 1397 3681 benignitate?
1408 3629 1476 3667 uum
1488 3628 1557 3666 cou-

230 3734 305 3785 versi
325 3737 390 3784 sunt
406 3733 442 3783 ab
464 3733 642 3785 immunditia
659 3736 728 3785 suat
749 3746 807 3785 non
830 3736 884 3787 erit
899 3731 1009 3802 (gratia,
1022 3730 1321 3800 benignitast.'1'extus
1334 3733 1374 3782 ita
1385 3732 1475 3781 iectura
1489 3731 1558 3781 satis

231 3835 318 3889 prope
341 3820 448 3873 accedit
468 3821 504 3873 ad
523 3824 711 3875 consonantes
734 3823 863 3877 traditas.
885 3824 1028 3875 Mentione
1045 3822 1121 3873 haud
1135 3822 1253 3886 indigna
1275 3821 1386 3872 videtur
1398 3821 1558 3871 coniectura

231 3920 428 3984 lioubtpaatit,¹
442 3925 537 3972 monet
554 3924 614 3977 2'il't
629 3933 692 3973 esse
706 3920 819 3983 lemin.;
840 3922 1090 3986 interrogationem
1108 3924 1315 3985 praeposteram
1329 3931 1391 3971 esse
1408 3923 1557 3983 postquam

231 4010 336 4061 dictam
350 4010 386 4060 sit
408 4016 515 4074 percute
534 4010 637 4074 semum
657 4022 708 4074 per
724 4012 973 4074 interrogationem
996 4012 1071 4061 enirn
1091 4022 1151 4061 rem
1174 4008 1380 4074 quodammodo
1402 4006 1557 4058 indubium

231 4098 333 4150 adduci
346 4110 419 4162 quae
433 4100 527 4149 tamen
541 4098 789 4151 demonstreturut
807 4101 893 4161 certa,
914 4112 976 4150 otim
996 4099 1104 4149 dicatar
1120 4106 1227 4163 percute
1246 4098 1348 4162 semitm
1367 4096 1441 4147 uude
1460 4108 1557 4146 emen·

232 4196 280 4247 dat
295 4198 355 4249 niti
369 4199 464 4249 mitt-¹
480 4198 510 4247 t)
525 4203 532 4246 τ
547 4198 614 4262 qaia
627 4198 762 4260 probatus
774 4194 953 4265 est(gladius)
970 4200 999 4248 ct
1011 4209 1074 4247 cum
1086 4197 1240 4248 excttsserit
1255 4191 1384 4262 (gladius)
1400 4196 1550 4259 sceptrum,

232 4287 371 4348 sceptrum
383 4287 492 4348 regium
506 4286 562 4335 iam
577 4299 634 4337 uon
650 4287 712 4337 erit.

278 4447 395 4514 Gladio
410 4448 471 4517 illo
487 4449 611 4537 ingens
630 4448 753 4517 edetur
767 4450 927 4531 vastatio,
944 4472 1035 4540 quae
1053 4448 1123 4517 alia
1144 4448 1280 4517 dicendi
1299 4448 1414 4535 ligura
1428 4440 1560 4515 deseri-1

232 4553 327 4620 bitur
340 4575 374 4621 v.
393 4560 433 4622 tt
450 4584 466 4616 u
484 4568 521 4622 tu
533 4578 612 4646 erqo
623 4556 682 4645 file'
690 4555 839 4623 bominis
845 4557 1019 4647 propheta
1038 4567 1219 4646 ciperente
1233 4578 1340 4622 mauu
1353 4553 1556 4621 admocum

234 4672 266 4728 et
285 4658 480 4749 duplicetur
492 4661 630 4753 plautius
642 4684 683 4728 ac
701 4662 891 4751 triplicetur
907 4661 1045 4753 plode'us
1061 4663 1332 4753 interpretatum,
1348 4660 1404 4728 bic
1416 4672 1465 4728 est
1479 4661 1557 4751 pla·

234 4766 308 4835 dius
323 4766 500 4835 oeet'se'om's
518 4790 665 4859 mepnae
688 4769 752 4859 qut'
770 4768 1001 4860 obstupescere
1016 4791 1070 4838 eos
1085 4770 1172 4861 feeit
1186 4792 1218 4836 v.
1236 4775 1278 4837 15
1298 4781 1332 4836 et
1345 4766 1444 4835 eorde
1463 4766 1557 4835 tabe·
