3509 5425
268 415 328 473 ..με
789 367 858 465 uz.
881 407 932 478 ro,
956 409 1050 466 ran

268 562 427 652 exprimi,
447 561 483 625 in
504 580 543 625 ea
563 557 693 625 ostendi
718 559 871 647 vigorem
895 579 934 623 ac
953 558 1102 622 virorem
1124 556 1340 637 continuum;
1360 576 1467 644 quare
1485 555 1594 621 vitam

266 668 346 733 iusti
363 667 497 757 palmae
517 664 689 733 conferri:
705 666 811 731 iustus
831 670 869 728 ut
883 663 999 753 palma
1018 662 1152 728 florebit
1170 666 1221 728 Ps.
1238 668 1338 741 91‚13
1355 667 1388 727 et
1407 660 1590 727 simililer:

268 774 347 840 iusti
362 771 459 863 quasi
475 772 586 839 virens
600 772 720 837 lolium
740 770 986 857 germinabunt
1003 773 1100 837 Pron
1119 774 1235 850 11‚ns;
1250 770 1293 835 cl.
1310 774 1362 835 Ps.
1382 774 1455 851 1‚3;
1472 774 1591 849 51,1o.

266 883 327 946 ler.
355 886 444 963 17,8.
466 879 566 945 Eceli.
592 885 712 961 2t‚18;
738 877 827 943 unde
851 878 887 942 in
912 876 1085 942 eaelatura
1107 876 1301 965 palmarum
1324 875 1447 941 merito
1467 873 1592 940 adum-

265 986 360 1053 brari
383 985 508 1052 dixeris
531 1006 647 1057 veram
669 984 762 1051 illam
785 984 891 1049 vitam
911 983 1136 1071 vigoremque
1160 982 1297 1072 spiritus
1320 982 1415 1048 cuius
1437 982 1537 1070 copia
1559 988 1591 1045 et

266 1092 397 1159 fruetus
427 1093 651 1182 acquirantur
675 1096 708 1157 et
736 1088 997 1179 suppeditentur
1022 1086 1151 1178 templo
1183 1090 1316 1154 Domini
1345 1090 1400 1155 vel
1428 1110 1469 1153 eo
1499 1087 1592 1176 quod

265 1200 426 1265 Dominus
455 1198 588 1264 habitat
616 1199 652 1264 in
679 1196 792 1263 medio
815 1197 942 1286 populo
962 1218 1037 1261 suo.
1059 1195 1195 1266 Palmae
1223 1196 1321 1281 signa
1351 1216 1488 1284 quoque
1514 1198 1594 1259 sunt

266 1306 428 1373 victoriae
444 1312 477 1371 et
495 1304 677 1394 triumphi:
697 1304 773 1370 vide
789 1309 881 1371 loen.
905 1309 1017 1384 1213.
1038 1306 1140 1391 Apoc.
1158 1308 1233 1393 7.9;
1248 1300 1307 1392 qui
1330 1302 1437 1389 igitur
1457 1300 1501 1368 ad
1519 1304 1595 1391 pal-

265 1433 358 1479 mam
376 1413 458 1477 eniti
473 1409 630 1484 voluerit,
643 1412 810 1500 templum
823 1411 881 1480 [lei
894 1409 1005 1475 adeat.
1025 1409 1149 1475 Palmis
1164 1410 1278 1498 itaque
1293 1407 1387 1475 haud
1401 1410 1592 1495 incongrue

266 1518 358 1585 idem
375 1518 577 1606 exprimitur
599 1515 692 1605 quod
706 1517 875 1606 propheta
898 1522 998 1597 11,19
1014 1520 1046 1580 et
1062 1521 1163 1597 3626
1182 1516 1296 1581 verbis
1311 1516 1461 1604 propriis
1474 1516 1592 1581 vatici-

265 1630 364 1691 natus
383 1629 443 1691 est.

500 1810 524 1879 o)
544 1812 676 1865 Atrium
696 1812 848 1864 exterius
868 1812 1006 1877 eiusque
1025 1812 1145 1877 portae
1164 1806 1220 1875 40,
1240 1810 1350 1863 17-27.

309 2028 448 2113 Eporta
468 2022 625 2088 orientali
647 2021 691 2088 ud
713 2024 838 2089 atrium
862 2023 1007 2089 exterius
1025 2021 1096 2112 (fig.
1118 2026 1159 2088 IV
1174 2025 1207 2110 C)
1227 2027 1343 2089 vatem
1356 2021 1510 2111 perducit
1527 2044 1595 2087 an-

266 2129 373 2215 gelus
389 2132 425 2195 in
442 2128 532 2218 quod
549 2130 673 2195 atrium
690 2135 789 2219 porta
808 2128 983 2195 orientalis
1001 2128 1271 2217 protendebatur
1285 2130 1330 2217 (v.
1343 2128 1419 2217 tlt).
1441 2133 1513 2194 lam
1531 2126 1593 2193 de-

265 2234 384 2301 scribit
403 2236 486 2325 quid
507 2258 525 2301 e
541 2236 709 2302 vestibulo
728 2239 847 2324 portae
867 2236 903 2301 iu
922 2237 1048 2301 atrium
1066 2236 1240 2322 ingressus
1258 2236 1382 2302 viderit
1398 2258 1430 2301 v.
1454 2242 1495 2301 17
1513 2266 1528 2296 «
1547 2237 1594 2301 Et

265 2341 382 2408 educit
396 2364 449 2407 mc
464 2340 512 2408 od
524 2342 650 2408 utrium
663 2342 812 2409 exterius
825 2355 858 2409 ct
872 2365 947 2408 ecee
960 2341 1210 2433 puzoplpluer’o
1220 2342 1495 2432 etpuoimcntum
1504 2354 1593 2407 scra-

266 2461 338 2514 tum
357 2448 471 2537 lupide
493 2449 529 2514 in
548 2449 635 2515 atrio
651 2471 717 2537 per·
735 2448 938 2530 circuitum
957 2448 1097 2537 triptota
1117 2447 1367 2539 qaropbqlocz'u
1385 2448 1421 2513 in
1443 2449 1593 2515 circuitu

260 2555 453 2644 pauimenti
469 2584 484 2613 n
499 2578 506 2633 ;
521 2594 566 2603 -
580 2556 705 2621 atrium
726 2554 850 2621 dicitur
867 2556 1012 2621 exterius
1031 2556 1164 2622 ratione
1182 2555 1299 2622 habita
1321 2556 1400 2621 atrii
1418 2556 1592 2621 interioris

265 2684 298 2729 v.
313 2668 373 2744 a&
390 2663 466 2751 pari
485 2661 585 2730 modo
604 2663 638 2728 in
658 2662 786 2752 templo
806 2662 996 2729 Salomonis
1014 2663 1138 2730 utrium
1154 2660 1272 2730 aderat
1291 2663 1437 2729 exterius
1451 2668 1485 2729 et
1503 2662 1591 2730 inte-

265 2769 348 2834 rius.
367 2774 470 2835 Erant
489 2769 538 2835 ibi
558 2769 700 2854 triginta
719 2769 824 2835 cellae
843 2769 897 2834 vel
917 2771 1092 2836 conclavia
1112 2769 1205 2857 (bb);
1228 2769 1394 2835 eiusmodi
1416 2771 1589 2836 conclavia

266 2875 366 2940 etiam
387 2874 422 2941 in
438 2876 564 2964 templo
580 2875 769 2942 Salomonis
784 2881 894 2952 erant;
911 2874 1107 2941 vide1Par.
1123 2880 1239 2956 nam.
1256 2881 1275 2943 t
1291 2881 1375 2961 Reg.
1392 2882 1508 2955 23‚11.
1525 2880 1591 2943 ler.

267 2988 362 3062 35‚l;
380 2987 497 3063 36,10;
513 3003 699 3070 eorumque
714 2983 841 3047 mentio
860 2982 962 3046 etiam
977 2981 1016 3046 fit
1033 2980 1208 3069 intemplo
1222 2980 1370 3048 secundo
1392 2982 1476 3049 Neh.
1497 2990 1588 3064 13,a.

266 3091 311 3154 lle
334 3089 401 3153 situ
428 3109 547 3154 eorum
573 3089 609 3154 h.
635 3087 657 3154 l.
684 3088 790 3153 solun]
821 3087 947 3153 dicitur
971 3111 1011 3153 ea
1033 3076 1187 3189 suissebft
1204 3088 1248 3153 ad
1268 3090 1524 3176 pavimentum
1555 3089 1592 3154 id

266 3210 360 3300 quod
377 3212 434 3279 alii
449 3211 617 3301 explicant
631 3233 731 3301 super
744 3213 940 3301 pavimento
958 3212 1087 3299 (Karta,
1103 3213 1175 3279 Sm.
1194 3213 1259 3299 0.),
1276 3211 1336 3278 alii
1352 3213 1514 3303 corcliyuu
1527 3236 1588 3303 pa-

266 3318 415 3383 vimento
438 3318 494 3406 (c).
518 3321 673 3384 Ceterum
692 3319 779 3384 nihil
801 3319 884 3384 certi
902 3320 1003 3384 statui
1024 3323 1134 3408 potest
1157 3318 1325 3386 fuerintne
1349 3341 1457 3408 prope
1476 3329 1592 3410 portas

267 3424 319 3488 vel
335 3445 442 3513 prope
462 3423 670 3512 peribolum,
692 3447 801 3512 neque
821 3425 927 3490 scitur
951 3446 1019 3513 qua
1041 3425 1171 3491 ratione
1186 3447 1226 3491 ea
1247 3424 1373 3517 viderit
1392 3427 1588 3494 distributa.

268 3530 368 3594 Varia
391 3529 531 3619 quidem
554 3531 737 3619 opinantur
760 3532 980 3620 interpretes;
996 3532 1055 3597 sed
1079 3533 1115 3596 in
1140 3553 1175 3597 re
1195 3532 1295 3622 plane
1315 3533 1445 3598 incerta
1471 3556 1591 3602 eorum

267 3636 481 3702 coniecturas
499 3637 625 3703 referre
645 3639 751 3727 piget.
779 3643 894 3728 Neque
923 3638 966 3704 de
994 3659 1112 3705 eorum
1137 3638 1373 3724 magnitudine
1399 3639 1592 3730 quidquam

267 3740 429 3821 traditur;
447 3747 595 3810 ceterum
614 3766 699 3810 voce
714 3767 775 3834 per
792 3767 826 3810 se
848 3766 916 3810 nou
936 3744 1108 3831 designari
1132 3744 1292 3811 conclave
1312 3768 1458 3834 parvum
1482 3749 1593 3814 elucet

267 3872 307 3916 ex
323 3857 339 3916 1
358 3854 446 3916 Sam.
464 3856 555 3933 932,
572 3851 632 3917 ubi
644 3854 681 3918 S.
699 3851 794 3916 Hier.
810 3853 912 3917 vertit
926 3850 1125 3934 triclinium,
1142 3853 1178 3916 in
1195 3873 1263 3941 quo
1277 3852 1350 3918 scil.
1365 3853 1513 3939 triginta
1527 3855 1593 3920 viri

267 3955 311 4023 od
333 3956 544 4046 epulandum
570 3957 835 4038 accurnbebant;
862 3979 975 4046 neque
993 3964 1085 4046 patet
1109 3958 1193 4024 sitne
1219 3980 1338 4024 eorum
1359 3965 1531 4025 structura
1554 3984 1598 4026 eo

267 4062 368 4128 modo
385 4063 609 4152 concipienda
624 4086 692 4152 quo
708 4071 786 4144 '423
805 4085 874 4153 seq.
893 4063 1143 4145 describuntur,
1161 4064 1231 4130 soil.
1252 4063 1417 4132 habentia
1430 4069 1498 4131 tres
1513 4089 1596 4134 con-

267 4171 470 4256 tignationes
482 4191 560 4235 cum
580 4169 776 4260 porticibus.
795 4172 1026 4236 Pavimentum
1038 4169 1191 4256 intellige
1208 4171 1414 4237 tessellatum
1430 4173 1454 4240 i.
1474 4196 1505 4238 e.
1523 4179 1596 4240 tes-

267 4276 357 4340 sellis
382 4285 441 4342 aut
464 4276 697 4343 vermiculatis
724 4278 844 4343 crustis
867 4282 1009 4343 stratum
1030 4276 1110 4364 (ΠΙ.
1130 4277 1246 4343 Trcclz.
1270 4277 1378 4366 Keil);
1399 4278 1478 4345 vide
1496 4283 1594 4348 Estlr.

271 4386 341 4462 1,6;
356 4383 391 4449 S.
405 4383 498 4450 Hier.
511 4389 608 4450 vocat
617 4385 853 4473 pavimentum
867 4385 952 4450 vivis
961 4389 1105 4450 stratum
1114 4383 1298 4472 lapidibus.
1314 4385 1395 4450 tide
1406 4385 1467 4471 fig.
1483 4391 1524 4452 lv
1534 4411 1554 4454 c
1564 4412 1594 4454 c.

310 4585 386 4645 LXX
399 4604 508 4647 vocem
525 4601 606 4654 ΠΒΒἾ
628 4606 722 4666 quam
736 4592 754 4649 2
770 4591 839 4648 Par.
856 4590 918 4663 7,6.
935 4589 1020 4648 Esth.
1039 4592 1090 4663 l‚6
1104 4589 1279 4668 λιθόστρωτον
1294 4594 1422 4652 vertunt
1434 4590 1467 4650 h.
1482 4591 1506 4651 l:
1523 4593 1597 4654 red-

271 4711 350 4772 dunt
368 4709 527 4789 περίστυλα,
547 4713 801 4786 intercolumnia,
817 4718 852 4773 ut
864 4714 961 4772 vertit
975 4715 1006 4774 S.
1031 4715 1112 4773 Hier.
1120 4736 1133 4787 ‚·
1148 4715 1232 4774 unde
1251 4717 1282 4776 S.
1305 4715 1387 4774 Hier.
1407 4715 1527 4776 atrium
1541 4717 1597 4778 ha-

206 4884 215 4898 ,
270 4809 376 4869 buissc
392 4808 537 4885 opinatur
552 4834 566 4864 α
583 4816 654 4870 autc
666 4811 750 4871 sores
767 4811 913 4872 ordinem
929 4811 1146 4874 columnarum
1162 4817 1194 4873 et
1206 4812 1419 4891 pavimentum
1437 4813 1469 4872 in
1490 4814 1598 4876 fronte
