3509 5425
217 429 275 488 litt
755 428 808 486 Et.
834 430 883 500 lo,
901 430 996 495 til-ili

215 581 279 631 dam
298 577 445 644 personam
466 580 637 642 expressisse
655 579 786 630 videntur
804 582 865 632 sine
883 581 1035 646 negatione
1055 577 1120 630 :rai
1134 577 1212 640 οὕτως
1226 577 1357 648 ἐποίησας,
1370 596 1433 633 cum
1445 585 1484 634 ila
1499 584 1540 635 lc·

214 669 364 720 rantcodd.
376 669 448 720 alex.
461 669 543 718 vatic.
555 669 649 719 versio
659 669 686 717 S.
698 670 771 718 iiior.
784 674 812 720 et
822 669 945 734 aethiop.
957 670 1082 729 aleran„
1094 670 1161 722 dum
1170 676 1265 721 tamen
1275 671 1539 729 reeensioLuciani.

215 758 311 809 Theoti.
327 762 356 808 et
374 758 466 806 versio
485 759 557 821 copt.
579 743 698 821 primam
717 771 864 823 personam
881 758 1017 822 praebent
1036 755 1096 826 td),
1115 760 1166 810 aed
1182 759 1211 809 ln
1225 762 1384 823 negationis
1401 761 1541 825 partierila

214 861 270 898 non
290 848 361 898 inter
379 859 410 896 se
429 846 621 905 consentiunt;
639 846 705 896 dum
721 843 796 896 enim
816 848 912 896 Tbeod.
928 854 957 898 et
970 849 1098 898 recensio
1112 847 1227 899 Lucianl
1242 848 1377 912 praebent
1389 845 1466 908 οὕτως
1480 845 1550 910 oda..

213 938 306 986 versio
321 937 395 999 oopt.
415 934 501 984 habet
521 947 527 983 ε
548 936 576 984 et
590 936 631 985 sio
645 935 749 986 adduxi
766 936 937 999 impietatem
951 938 1027 987 tuam
1040 949 1124 1000 super
1142 938 1248 988 cunctis
1262 938 1454 1001 iniquitatibus
1468 941 1536 988 tuis,

215 1025 359 1077 Sententia
381 1035 453 1088 quae
472 1037 489 1074 a
512 1026 585 1086 Spin.
601 1025 629 1073 ot
651 1025 678 1074 S.
703 1025 777 1072 iiier.
794 1026 957 1088 exprimitur
970 1025 1065 1076 valide
1078 1026 1268 1089 sequentibus,
1281 1028 1445 1090 praesertim
1458 1041 1486 1075 r.
1503 1027 1542 1077 t?

167 1111 169 1127 ¹
212 1127 272 1178 soq.
291 1111 479 1164 confirmatur.
501 1105 594 1172 Quare
609 1111 763 1162 secundum
780 1125 842 1162 cam
861 1115 954 1164 textus
973 1115 1052 1164 hebr.
1075 1113 1266 1165 emendandus
1283 1128 1345 1166 esse
1363 1116 1482 1166 videtur.
1505 1118 1535 1166 (7.

212 1205 299 1254 satius
311 1205 407 1252 censet
419 1201 506 1251 sorba
517 1213 552 1251 ca
564 1199 667 1260 delere,
683 1213 746 1251 cum
758 1203 786 1252 et
798 1203 908 1252 vetares
921 1205 1008 1252 testes
1022 1203 1093 1254 adeo
1107 1205 1179 1253 inter
1192 1216 1224 1253 se
1237 1203 1397 1268 discrepent
1410 1206 1438 1254 et
1449 1205 1538 1255 rerba

212 1294 268 1342 sint
288 1290 421 1344 difficilia.
441 1289 546 1340 Verum
565 1289 734 1341 considerari
754 1293 864 1354 oportet
882 1289 918 1340 ab
936 1288 1066 1341 omnibns
1078 1292 1195 1342 testibus
1207 1292 1365 1342 confirmari
1380 1293 1484 1357 aliquid
1501 1306 1540 1343 ao

210 1382 273 1432 looo
293 1393 355 1432 esse
373 1380 489 1439 lectum;
509 1378 583 1429 unde
602 1378 687 1429 verba
706 1379 800 1430 delere
819 1379 953 1430 audacius
968 1382 1024 1441 est;
1036 1380 1109 1430 illud
1124 1385 1250 1432 veterum
1270 1383 1459 1433 testimonium
1478 1395 1533 1445 po-

210 1472 266 1520 tius
278 1471 330 1520 orit
343 1468 516 1532 senciendum
532 1467 607 1531 quod
620 1467 657 1518 ad
668 1469 709 1518 rei
724 1471 919 1531 argumentum
932 1473 961 1520 et
973 1469 1075 1520 soriam
1089 1468 1189 1520 melius
1202 1471 1360 1520 conveniat.

259 1659 328 1722 lam
348 1675 411 1719 cur
428 1651 613 1740 benignius
632 1659 747 1718 actum
767 1653 825 1734 sit,
847 1652 896 1719 ita
913 1652 1093 1742 exponitur
1111 1659 1149 1718 ut
1169 1674 1280 1720 sermo
1303 1653 1348 1720 ad
1368 1653 1534 1720 maiorem

211 1761 443 1830 confusionem
458 1757 682 1846 ingerendam
698 1757 868 1845 dirigatur
888 1782 919 1826 v.
940 1763 981 1826 tt
1000 1787 1016 1818 α
1039 1781 1114 1825 ecce
1133 1761 1241 1826 omm's
1258 1760 1321 1849 qui
1332 1759 1415 1827 dicit
1431 1760 1536 1849 vraiqo

205 1865 440 1957 proverbium,
457 1864 493 1932 in
509 1877 539 1932 te
551 1878 700 1931 asarmot
710 1864 801 1932 illud
815 1863 928 1931 dicens
941 1887 952 1931 :
965 1866 1052 1932 sicta
1066 1878 1187 1947 mater,
1202 1866 1250 1932 ito
1268 1879 1301 1932 et
1316 1866 1387 1955 filr'a
1402 1866 1473 1932 eires
1494 1889 1532 1947 »;

209 2012 254 2024 -
272 1973 295 2039 i.
314 1996 343 2041 e.
360 1973 420 2063 qui
434 1973 470 2039 in
486 1971 677 2062 proverbiis
691 1970 785 2061 loqui
805 1972 888 2038 solet
902 1973 957 2039 vel
974 1973 1033 2062 qui
1052 1972 1125 2038 vult
1140 1972 1181 2039 de
1196 1996 1237 2039 ca
1255 1972 1434 2041 efformare
1450 1995 1533 2064 pro-

209 2080 383 2159 verbium,
412 2077 502 2146 dicet
524 2078 637 2145 :sicut
661 2081 782 2162 mater,
809 2101 896 2168 quae
921 2084 971 2145 est
989 2077 1061 2145 scil.
1084 2080 1230 2146 Cethaea
1247 2101 1281 2146 v.
1299 2087 1332 2148 3.
1355 2087 1414 2158 t53
1431 2080 1532 2170 proin

209 2187 387 2254 Ierusalem
417 2187 585 2274 imitatam
610 2205 680 2251 esse
708 2189 741 2250 et
763 2186 799 2251 in
818 2207 853 2251 se
878 2186 1077 2276 expressisse
1098 2175 1234 2253 omn'em
1257 2186 1474 2275 iniquitatem
1498 2193 1533 2253 et

209 2293 460 2361 immunditiem
476 2293 754 2362 chananaeorum
774 2297 807 2357 et
826 2313 904 2357 curn
923 2291 1148 2359 nihilominus
1167 2293 1283 2360 mitius
1304 2291 1524 2373 adhibeatur,

209 2423 276 2468 non
291 2401 338 2466 ita
350 2400 491 2490 punitur
505 2400 592 2466 sicut
605 2399 729 2465 meruit
739 2421 772 2464 v.
791 2404 844 2467 i3.
859 2403 966 2487 litque
981 2405 1191 2489 quantopere
1205 2398 1354 2466 indolem
1368 2404 1400 2467 et
1415 2421 1530 2467 mores

208 2508 297 2575 illius
315 2507 430 2596 stirpis
448 2508 483 2572 in
503 2527 537 2571 se
558 2504 766 2590 exhibuerit,
791 2506 1046 2594 comparatione
1068 2509 1101 2570 et
1120 2511 1303 2594 parentum
1322 2510 1355 2572 et
1373 2527 1532 2573 sororum

174 2646 179 2661 ι
209 2613 414 2682 describitur
434 2615 483 2680 ita
505 2617 543 2678 ut
567 2632 704 2678 omnem
727 2617 909 2701 parentum
931 2617 966 2678 et
985 2633 1140 2678 sororum
1160 2612 1374 2701 iniquitatem
1396 2613 1530 2680 imitata

208 2744 293 2804 esse,
316 2722 422 2789 immo
440 2741 615 2810 superasse
637 2741 773 2809 quoque
793 2718 927 2786 dicatur
946 2741 978 2785 v.
1006 2726 1047 2787 t5
1071 2746 1087 2780 α
1109 2718 1186 2807 filio
1202 2721 1321 2785 murras
1340 2732 1420 2787 tecue
1438 2743 1473 2787 es
1492 2732 1531 2786 tn

207 2850 296 2919 quae
313 2827 454 2917 proz'ccr't
470 2827 581 2892 virum
594 2848 696 2892 sacrun
711 2839 744 2891 et
754 2825 846 2914 filios
862 2846 956 2906 suos,
975 2837 1009 2892 et
1021 2847 1115 2891 soror·
1126 2848 1278 2892 sororum
1296 2839 1433 2893 tatarum
1446 2849 1478 2893 cs
1492 2840 1530 2893 tu

207 2958 297 3027 praue
308 2935 525 3025 proiecerunt
538 2933 626 2999 ciros
638 2954 716 2999 suos
728 2945 761 2999 et
770 2932 863 3020 filios
875 2954 951 2999 suos
958 2953 972 3015 ;
987 2943 1095 2999 muter
1106 2945 1217 2999 oestro
1231 2933 1377 3001 Cettueu
1389 2945 1421 2999 et
1427 2947 1534 3023 putea·

110 3120 113 3127 1
207 3054 313 3110 vester·
324 3042 551 3108 Amorrhaeos
566 3061 598 3105 v.
617 3044 658 3106 to
674 3050 706 3104 et
719 3060 813 3105 soror·
825 3049 885 3105 tuo
900 3038 1011 3105 nautor·
1024 3038 1197 3119 Samaria,
1214 3040 1288 3128 r'pm
1303 3051 1335 3107 et
1348 3039 1442 3130 filcile
1457 3039 1531 3106 eius

206 3172 295 3239 qtluc
309 3147 463 3215 liabitont
481 3145 529 3213 ud
540 3146 708 3212 sinistrum
729 3158 837 3226 icrunt,
856 3168 950 3211 soror
963 3158 1077 3211 autem
1093 3158 1152 3210 tuo
1166 3145 1278 3212 minor
1293 3159 1339 3227 te,
1357 3169 1446 3236 quoe
1463 3148 1532 3213 lra-

208 3256 292 3321 litat
306 3278 327 3321 u
343 3253 467 3320 destrae
482 3252 564 3333 titia,
580 3250 729 3319 Sodoma
750 3263 783 3316 et
791 3252 888 3339 filiae
903 3252 975 3317 eiua
988 3270 1025 3329 »3
1041 3289 1087 3301 -
1101 3273 1204 3341 quem
1219 3253 1333 3319 virum
1347 3253 1532 3343 proiecerit

207 3367 315 3427 mater
338 3360 498 3439 detheca,
526 3357 714 3448 quaeritur.
738 3361 822 3424 Sunt
842 3359 903 3448 qui
923 3362 1030 3424 Deum
1048 3358 1257 3445 intelligant,
1280 3360 1328 3425 ita
1348 3364 1385 3426 ut
1409 3367 1530 3445 gentes

207 3490 343 3559 quoque
364 3489 385 3533 a
403 3466 516 3555 prima
534 3469 567 3531 et
586 3486 666 3531 vera
685 3464 742 3531 llei
761 3464 900 3530 notione
915 3465 1055 3553 eiusque
1070 3464 1164 3530 cultu
1178 3463 1340 3532 deiecisse
1354 3465 1527 3533 dicantur.

207 3576 262 3642 Sic
280 3575 350 3641 iam
373 3571 526 3640 Theod:
549 3571 639 3637 «his
657 3569 802 3638 ostendit
821 3594 854 3639 se
869 3592 938 3637 non
960 3569 1163 3639 ludaeorum
1179 3594 1248 3637 esse
1266 3577 1399 3639 tantum
1421 3578 1529 3640 Deum

206 3681 264 3749 sed
289 3680 390 3747 etiam
414 3678 589 3767 gentium
608 3678 742 3780 letenim
767 3678 905 3743 illorum
932 3678 1121 3767 antiquitus
1143 3682 1229 3744 [leus
1250 3678 1526 3769 appellatorem,

205 3794 391 3877 antequam
407 3787 471 3876 ipsi
487 3808 527 3852 eo
544 3784 746 3852 detrimento
763 3785 984 3851 afficerentur
1001 3787 1040 3849 ut
1055 3783 1147 3850 idola
1162 3783 1330 3864 colerent;
1350 3806 1528 3875 quaprop-

205 3904 258 3963 ter
269 3894 347 3963 illos
365 3915 502 3984 quoque
517 3897 550 3961 et
564 3894 677 3959 virum
694 3897 727 3957 et
745 3889 833 3957 filios
849 3890 1013 3980 repulisse
1029 3889 1112 3956 dixit
1123 3896 1249 3977 negato
1264 3895 1333 3958 lleo
1347 3891 1526 3961 daemoni-

205 4003 337 4094 busque
349 4001 428 4067 filiis
441 3999 624 4066 immolatis
641 4027 671 4065 ».
690 4004 779 4077 Quae
799 3997 966 4065 sententia
980 3997 1176 4063 confirmari
1192 4002 1304 4086 potest
1321 4020 1362 4065 eo
1380 3997 1471 4087 quod
1487 4000 1526 4067 in

204 4104 522 4200 proliciendis'filiis
542 4110 634 4172 certe
657 4105 768 4171 cultus
787 4103 845 4169 ille
869 4107 1030 4170 eruentus
1053 4103 1260 4189 intelligitur
1282 4127 1350 4194 quo
1371 4105 1433 4171 filii
1459 4104 1529 4173 diis

204 4215 471 4283 immolabantur
480 4213 534 4279 vel
545 4211 796 4291 cremabantur,
811 4207 1160 4276 etcommendatureo
1171 4232 1307 4300 quoqne
1320 4210 1527 4300 quodetiam

206 4322 371 4389 llichaeas
394 4321 437 4387 ob
462 4319 606 4387 similem
629 4341 650 4385 a
676 4322 744 4385 lleo
774 4316 998 4383 defectionem
1025 4316 1168 4383 Niniven
1192 4316 1366 4407 appellare
1389 4317 1528 4386 videtur

204 4429 416 4494 meretricem
442 4426 551 4517 (llich.
576 4428 659 4513 Μ),
684 4447 754 4513 qua
772 4424 1025 4512 nuncupatione
1046 4444 1183 4489 omnem
1202 4422 1431 4491 idololatriam
1453 4446 1530 4495 esse

205 4534 406 4624 apostasiam
422 4556 441 4600 a
456 4538 522 4598 Deo
536 4531 666 4598 indicat
685 4536 719 4595 et
737 4530 781 4597 ab
802 4552 841 4595 eo
859 4527 996 4595 loedere
1015 4528 1108 4618 quod
1123 4532 1210 4595 Deus
1227 4529 1265 4596 in
1283 4536 1526 4620 protoparente

204 4662 283 4707 curn
299 4640 455 4705 universo
475 4660 601 4725 genere
621 4637 774 4703 hnmano
789 4636 876 4702 iniit.
893 4641 998 4702 Porro
1013 4633 1097 4701 haec
1115 4636 1282 4702 sententia
1297 4642 1330 4702 et
1347 4638 1461 4725 gravis
1475 4646 1526 4706 est

204 4753 239 4814 et
259 4746 303 4813 ad
322 4767 413 4827 rem3
436 4765 512 4811 eam
533 4748 729 4833 proponunt
749 4742 853 4810 Pracl.
876 4745 962 4830 Lap.
984 4743 1074 4809 Men.
1099 4740 1217 4808 Trocli.
1238 4743 1337 4812 Scir.
1352 4743 1439 4812 Keil.
1458 4746 1528 4813 Sed

202 4854 252 4921 uti
267 4853 347 4921 olim
363 4852 432 4918 iam
450 4849 696 4938 Polychronins
717 4848 821 4939 (apud
838 4847 974 4937 Prata),
996 4850 1044 4914 sic
1063 4849 1164 4915 etiam
1181 4850 1284 4918 Prad.
1305 4844 1385 4941 Lari.
1403 4852 1430 4917 Τ
1428 4850 1470 4919 ir.
1490 4862 1527 4920 et
