3509 5425
473 376 587 437 196
1302 415 1314 429 ,
1564 373 1661 432 Ez.
1709 371 1809 445 20,
1856 373 2001 432 8-11

470 527 727 597 mentio
763 527 998 615 aperta
1027 523 1096 588 in
1136 520 1360 590 Exodo
1399 543 1536 589 non
1563 521 1897 604 habetur;
1934 521 2201 589 athene
2232 522 2368 588 iam
2399 520 2691 588 advertit
2718 522 2925 589 Prad.
2961 524 3123 590 eius

468 640 699 711 tamen
728 630 1094 717 vestigium
1111 627 1211 693 ibi
1241 629 1451 710 cerni,
1477 650 1635 694 cum
1663 627 1897 695 dicant
1914 632 2030 696 Ex,
2071 634 2270 709 14,12
2307 650 2322 695 :
2351 649 2579 694 nonne
2606 628 2728 695 iste
2756 635 2853 695 est
2882 650 3119 696 sermo

469 761 676 831 quem
707 735 1165 826 loquebamur
1196 733 1284 800 ad
1307 739 1371 800 te
1406 735 1476 803 in
1508 739 1822 825 Aegypto
1857 735 2159 802 dicentes
2197 756 2212 802 :
2257 734 2498 801 recede
2528 758 2571 801 a
2600 735 2823 815 nobiS,
2859 741 2935 801 ut
2964 759 3120 802 ser-

468 848 733 914 viamus
759 842 1142 932 Aegyptiis!
1176 841 1243 908 si
1282 845 1509 907 autem
1540 846 1803 929 Moysen
1844 841 2035 909 abire
2080 846 2144 908 et
2184 864 2225 906 a
2267 863 2336 907 se
2380 840 2696 908 recedere
2730 842 3110 925 iusserunt,

468 953 773 1046 legatum
803 951 918 1016 Dei
948 953 1352 1038 spreverunt
1382 952 1448 1013 et
1485 948 1565 1013 in
1596 970 1676 1015 eo
1704 952 1917 1015 Deum
1957 949 2238 1037 eiusque
2268 947 2628 1031 mandata,
2662 948 2734 1014 in
2768 947 3116 1015 desiderio

469 1060 584 1128 illo
626 1056 965 1126 serviendi
1013 1054 1362 1143 Aegyptiis
1399 1053 1631 1121 adesse
1678 1075 1953 1145 quoque
1992 1054 2415 1121 idololatriae
2452 1055 2863 1122 consortium
2906 1076 3114 1122 nemo

467 1164 845 1253 negaverit.
894 1167 1174 1251 Insuper
1211 1164 1324 1226 Ex.
1362 1166 1499 1242 6,9.
1551 1167 1632 1227 12
1680 1183 1793 1227 eos
1838 1183 1976 1227 non
2015 1162 2430 1252 acquievisse
2480 1162 2711 1248 Moysi,
2755 1183 2914 1228 eum
2962 1184 3112 1228 non

467 1271 803 1340 audivisse
853 1272 1210 1346 narratur;
1245 1266 1430 1356 quod
1471 1273 1701 1356 postea
1750 1267 1921 1334 adeo
1969 1267 2282 1334 celeriter
2311 1269 2606 1334 vitulum
2647 1289 2928 1335 aureum
2973 1268 3115 1334 sibi

465 1380 935 1446 conflaverunt
963 1379 1030 1441 et
1065 1373 1557 1455 adoraverunt,
1591 1374 1798 1440 etiam
1829 1380 2236 1461 argumento
2265 1380 2363 1440 est
2389 1374 2542 1441 illos
2579 1381 2876 1442 assuetos
2901 1374 3109 1441 fuisse

464 1484 916 1553 idololatriae.
951 1486 1170 1560 Quare
1194 1501 1352 1546 cum
1389 1485 1521 1546 Deo
1557 1502 1682 1570 per
1711 1485 1980 1567 Moysen
2015 1481 2319 1570 loquenti
2355 1480 2644 1548 rebelles
2674 1482 3101 1563 exsisterent,

464 1595 601 1664 iam
631 1591 701 1656 in
730 1593 1039 1677 Aegypto
1085 1587 1304 1653 simile
1343 1587 1570 1653 evenit
1601 1587 1662 1652 ei
1693 1586 1879 1676 quod
1914 1588 2204 1673 legimus
2234 1592 2348 1656 Ex.
2386 1594 2589 1662 3210
2625 1610 2639 1655 z
2674 1587 2943 1667 dimitte
2994 1610 3107 1654 me

465 1704 541 1766 ut
576 1699 909 1764 irascatur
946 1695 1140 1760 furor
1162 1715 1356 1760 meus
1393 1700 1632 1760 contra
1669 1715 1781 1760 eos
1811 1699 1875 1758 et
1914 1693 2181 1761 deleam
2221 1715 2355 1760 eos.
2389 1694 2490 1760 Ad
2528 1694 2742 1762 verba
2772 1696 2917 1784 ipsa
2951 1694 3106 1761 vide

464 1826 669 1894 supra
717 1809 913 1885 5,13;
959 1806 1154 1883 6,12;
1200 1806 1339 1881 7‚8.
1381 1805 1462 1866 At
1502 1801 1603 1866 uti
1642 1800 2082 1889 postmodum
2123 1801 2207 1867 iis
2242 1802 2550 1890 pepercit
2595 1807 2878 1891 propter
2910 1823 3107 1868 suam

463 1911 778 1999 gloriam,
813 1930 897 1975 ne
927 1913 1164 1994 gentes
1191 1907 1386 1995 quasi
1416 1905 1499 1972 de
1527 1906 1930 1995 impotentia
1965 1907 2081 1974 Dei
2107 1907 2309 1973 Israel
2335 1906 2638 1974 riderent
2665 1908 2805 1997 (Ex.
2840 1909 3099 1997 3212),

461 2019 557 2085 ita
591 2017 730 2095 iam
761 2017 834 2081 in
869 2018 1179 2104 Aegypto
1210 2037 1274 2080 v.
1314 2019 1353 2080 9
1396 2040 1428 2074 «
1464 2025 1531 2078 et
1551 2013 1692 2102 feci
1704 2025 1997 2103 propter
2030 2035 2275 2081 nomen
2315 2036 2569 2095 meum,
2607 2027 2685 2082 uc
2721 2038 2856 2082 non
2889 2014 3106 2081 viola-

464 2136 652 2190 retur
693 2144 919 2189 coram
956 2119 1296 2209 qentibus,
1339 2121 1406 2186 in
1447 2141 1743 2209 quarum
1790 2120 2009 2188 medio
2059 2133 2256 2186 erant
2300 2133 2367 2187 et
2393 2121 2570 2187 inter
2597 2144 2769 2210 quas
2812 2124 3115 2212 apparui

465 2231 555 2297 eis
584 2242 661 2295 ut
688 2227 1039 2295 educerem
1069 2249 1178 2293 eos
1206 2225 1289 2292 de
1320 2238 1499 2293 terra
1530 2213 1830 2316 Aeqyp'tz'
1858 2249 1930 2309 »;
1959 2266 2046 2276 —
2071 2228 2157 2295 cf.
2190 2232 2388 2294 Num.
2428 2234 2654 2308 14‚16.
2693 2233 2884 2295 Deut.
2917 2234 3101 2309 938.

466 2341 546 2405 Is.
586 2341 822 2418 t8,11;
854 2333 1156 2425 apparui
1177 2355 1259 2398 ex
1287 2332 1486 2400 hebr.
1510 2353 1622 2400 me
1652 2339 1891 2400 notum
1909 2333 2038 2400 feci
2072 2334 2175 2415 iis,
2208 2334 2309 2400 uti
2333 2357 2397 2400 v,
2435 2342 2499 2403 5.
2529 2338 2621 2400 Ex
2643 2336 2868 2422 gentis
2886 2335 3107 2421 gloria

465 2448 532 2510 et
560 2441 859 2532 potentia
884 2439 974 2508 ad
1005 2440 1303 2507 numinis
1331 2438 1638 2506 tutelaris
1666 2440 2035 2529 potentiam
2075 2440 2480 2509 concludere
2508 2440 2849 2524 solebant;
2886 2443 3107 2528 gentis

463 2555 724 2636 strages
741 2547 935 2638 quasi
957 2547 1065 2613 dei
1085 2548 1189 2614 sui
1219 2537 1443 2614 clades
1472 2545 2062 2629 considerabatur;
2091 2546 2282 2613 ef.1s.
2319 2553 2472 2628 '⁴6‚1
2504 2554 2652 2616 Am.
2682 2555 2873 2631 1‚15;
2901 2550 3105 2615 simili

463 2655 668 2724 modo
696 2655 886 2745 loqui
914 2655 1128 2722 solent
1161 2651 1369 2722 etiam
1401 2674 1597 2741 reges
1620 2653 1952 2741 assyriaci
1992 2673 2007 2723 ε
2043 2656 2249 2721 Assur
2282 2653 2471 2724 dedit
2504 2655 2679 2721 mihi
2708 2656 3100 2739 victoriam

465 2770 670 2831 Assur
703 2762 988 2830 subiecit
1017 2764 1243 2829 hostes
1273 2767 1402 2829 etc.
1783 2831 1788 2835 ,

550 2876 798 2937 Verum
822 2870 1011 2960 prior
1026 2869 1142 2936 illa
1169 2868 1602 2935 contumacia
1631 2868 1894 2934 devicta
1924 2874 2044 2935 est.
2071 2869 2329 2955 Magnis
2348 2870 2673 2958 portentis
2694 2869 2764 2936 in
2794 2876 3107 2959 Aegypto·

466 3000 589 3067 per
616 2983 876 3064 Moysen
897 2975 1181 3066 patratis
1200 2975 1492 3064 populus
1516 2974 1793 3041 demum
1822 2975 2036 3041 alacri
2058 2976 2287 3041 animo
2316 2976 2675 3043 Dominum
2706 2976 3111 3044 invitantem

467 3088 734 3150 secutus
763 3086 883 3164 est,
919 3083 1111 3149 cuius
1141 3081 1573 3147 obedientiae
1605 3102 1683 3147 ac
1718 3080 1883 3147 fidei
1922 3080 2074 3147 laus
2115 3080 2371 3168 legitur
2399 3085 2523 3149 ler.
2567 3087 2682 3165 2,2
2713 3080 2949 3159 hebr.;
2982 3080 3109 3149 sed

465 3191 536 3257 in
587 3211 664 3255 ea
703 3188 834 3255 fide
864 3189 1147 3254 minime
1177 3192 1370 3253 erant
1399 3188 1582 3253 firmi
1625 3194 1692 3253 et
1741 3192 2142 3253 constantes,
2177 3191 2344 3254 Cum
2374 3190 2681 3257 Ezechiel
2718 3195 2894 3256 totus
2921 3190 2993 3255 in
3019 3212 3106 3256 eo

465 3296 581 3375 sit,
619 3300 693 3360 ut
721 3294 1052 3383 pudorem
1085 3299 1149 3359 et
1181 3293 1673 3382 poenitentiam
1713 3293 1988 3374 excitet,
2033 3316 2146 3360 eos
2188 3294 2409 3361 solum
2442 3303 2799 3362 enumerat
2827 3302 3110 3363 eventus

463 3402 535 3467 in
564 3400 812 3488 quibus
843 3404 976 3466 Deo
1008 3401 1408 3466 exstiterunt
1437 3399 1746 3467 rebelles,
1782 3403 1943 3466 Eam
1968 3406 2195 3467 autem
2221 3401 2666 3468 rebellionem
2697 3424 3105 3469 commemo-

465 3506 626 3572 ratis
661 3505 1008 3572 beneficiis
1043 3506 1290 3572 divinis
1340 3507 1559 3592 magis
1596 3514 1899 3589 accusat3
1935 3529 1999 3573 v.
2048 3514 2248 3575 10-17
2298 3530 2473 3597 quae
2510 3508 2583 3574 in
2633 3508 2894 3576 deserto
2927 3511 3107 3576 acci-

465 3612 712 3679 derunt
743 3618 1076 3694 recenset;
1110 3635 1176 3679 v,
1217 3620 1296 3678 10
1330 3641 1361 3674 «
1397 3612 1567 3678 eieci
1590 3635 1747 3701 erqo
1780 3636 1890 3679 eos
1919 3612 2000 3679 de
2034 3627 2210 3679 tem-a
2245 3614 2544 3704 Aeqypci
2566 3628 2631 3682 et
2662 3616 2874 3683 eduxi
2896 3639 3004 3683 eos
3030 3617 3106 3682 in

465 3718 800 3785 desertum
833 3741 902 3801 »;
935 3759 1025 3768 —-
1048 3719 1246 3785 hebr.
1285 3732 1350 3785 et
1377 3718 1591 3785 edum·
1619 3741 1760 3802 eos;
1790 3743 1877 3786 ne
1904 3720 2118 3806 igitur
2140 3744 2216 3787 ex
2238 3721 2450 3789 latino
2474 3722 2713 3789 eiicere
2742 3722 3105 3790 concludas

466 3827 754 3917 exprimi
793 3827 909 3893 Dei
939 3826 1480 3913 indignationem
1528 3827 1637 3893 vel
1688 3848 2021 3913 magnum
2052 3834 2367 3894 conatum
2399 3849 2604 3918 quem
2637 3829 2949 3896 debuerit
2978 3828 3103 3895 ad-

462 3933 704 4000 hibere
729 3938 805 4000 ut
824 3932 1100 4000 tandem
1121 3934 1321 3999 inviti
1350 3932 1699 4011 cederent3
1730 3933 1807 4000 in
1838 3933 2100 4000 deserto
2123 3935 2419 4002 maxima
2448 3957 2613 4001 cura
2638 3935 2910 4022 legibus
2934 3936 3108 4003 datis

464 4041 643 4108 bono
674 4040 910 4131 populi
938 4040 1280 4130 prospexit
1301 4063 1366 4107 v,
1412 4047 1487 4106 11
1526 4068 1557 4100 ‹<
1590 4054 1657 4106 et
1689 4039 1852 4106 dede·
1873 4039 1968 4107 eis
1979 4052 2354 4130 praecepta
2383 4064 2536 4108 mea
2567 4054 2631 4107 ec
2659 4042 2915 4109 iudicia
2952 4064 3107 4109 mea

464 4147 728 4215 ostendi
760 4148 854 4214 eis
891 4170 1065 4236 quae
1090 4148 1348 4237 faciens
1371 4148 1570 4214 lzomo
1606 4148 1784 4214 vivet
1809 4147 1881 4212 in
1910 4147 2001 4213 eis
2036 4175 2067 4208 »
2095 4170 2110 4230 3
2144 4186 2235 4199 —
2261 4148 2347 4215 cf.
2382 4153 2533 4214 LeV.
2586 4155 2741 4231 18‚5
2770 4151 2891 4240 qui
2918 4151 3107 4217 locus

462 4254 602 4320 fere
633 4255 719 4321 ad
749 4255 1037 4322 verbum
1072 4256 1186 4321 hic
1213 4257 1565 4332 recitatum
1599 4254 1849 4321 similia
1876 4254 2201 4341 leguntur
2226 4260 2413 4323 Deut.
2450 4263 2677 4337 30‚16.
2718 4263 2835 4340 193
2868 4257 2939 4323 in
2962 4257 3103 4322 vita

463 4381 730 4426 summa
773 4361 1295 4451 promissionum
1343 4367 1408 4429 et
1445 4361 1781 4428 bonorum
1827 4362 2235 4441 continetur,
2271 4362 2441 4428 sicut
2482 4363 2554 4429 in
2591 4368 2807 4430 morte
2837 4384 3108 4430 summa

462 4466 805 4533 minarum
846 4474 911 4535 et
948 4490 1369 4558 poenarum;
1405 4467 1560 4535 vide
1589 4468 1678 4536 ad
1708 4474 1889 4550 18,9.
1930 4476 2035 4536 13.
2071 4472 2249 4534 Inter
2279 4469 2545 4559 reliqua
2574 4469 2799 4556 legem
2835 4469 3109 4538 sabbati

459 4573 675 4655 effert,
711 4574 874 4661 quia
902 4575 1047 4642 dies
1074 4576 1187 4643 ille
1220 4582 1349 4642 Deo
1380 4595 1568 4642 sacer
1589 4580 1656 4642 et
1679 4597 1874 4642 sacra
1902 4576 2128 4665 quiete
2160 4573 2607 4643 celebrandus
2634 4597 2891 4664 magno
2921 4577 3108 4643 testi—

458 4679 686 4745 monio
722 4686 818 4746 est
861 4687 927 4746 et
963 4684 1078 4748 Dei
1117 4683 1188 4749 in
1235 4682 1573 4772 populum
1610 4680 2057 4769 benignitatis
2112 4683 2365 4773 quippe
2406 4682 2524 4772 qm·
2571 4684 2876 4773 quietem
2915 4683 3108 4751 illam

457 4786 765 4854 concedit
794 4791 1143 4877 tamquam
1174 4788 1475 4874 figuram
1505 4793 1570 4855 et
1602 4794 1842 4879 typum
1874 4788 2121 4878 quietis
2146 4788 2415 4857 divinae
2444 4790 2750 4858 coelestis
2778 4790 2863 4859 ad
2893 4811 3108 4880 quam
