3509 5425
1202 25 1205 32 ‘
1308 7 1487 82 ἓ·ὴεῖξῖὲς..ῗᾛ;
1532 15 1566 63 az
1586 11 1627 60 :⁸
1649 21 1651 26 ’

1220 101 1223 114 ¹
1315 71 1322 86 ι
1364 67 1437 84 t
1459 71 1483 94 st
1600 73 1630 76 ·’

1413 101 1423 126 e·
1452 89 1512 132 ”-’“Ῐ,,,
1524 85 1588 134 ΞΜ

226 373 286 432 υ288
775 368 824 426 Ez.
849 366 898 441 28,
920 369 993 428 6-11

270 520 363 587 Unde
376 524 461 586 Deus
472 518 532 606 qui
542 517 687 602 gloriam
702 537 799 582 suam
812 517 914 582 alteri
925 538 994 583 nou
1009 515 1080 600 dat,
1097 516 1156 584 sed
1171 517 1292 584 resistit
1300 518 1467 608 superbis
1486 541 1547 584 su-

225 626 380 718 perbiam
399 624 497 690 illam
507 623 646 708 egregie
662 622 860 689 humiliabit
873 645 907 690 v.
927 631 946 690 6
963 653 977 684 «
992 634 1175 714 propterca
1188 623 1366 690 haecdicit
1382 625 1552 690 Dotniuus

225 738 313 800 Deus
328 755 339 799 .·
354 754 392 799 eo
408 729 501 821 quod
517 730 684 796 elevatum
699 740 748 794 est
762 751 820 793 cor
837 742 932 796 trium
950 730 1050 820 quusi
1072 753 1129 796 cor
1148 729 1214 810 dcc}
1230 753 1262 796 v.
1287 737 1306 795 7
1326 729 1453 798 idcirco
1469 753 1550 800 cccc

225 863 284 931 epo
297 838 466 906 adducam
479 858 581 927 super
595 849 626 901 te
641 834 785 914 alienos,
801 834 1045 903 robustissimos
1057 837 1224 926 ¹«lentium,
1235 850 1268 904 ct
1281 835 1461 904 ntidabunt
1472 837 1549 927 plu-

223 947 295 1014 dics
315 967 394 1014 suos
411 965 513 1035 super
525 941 822 1032 ptclchritudincm
850 943 1040 1033 supientiae
1066 957 1144 1010 tuuc
1164 957 1198 1010 ct
1214 943 1373 1033 polluent
1390 944 1546 1011 decorem

225 1067 320 1120 tuum
338 1074 372 1134 »3
394 1089 438 1101 —
452 1052 537 1118 haee
549 1049 687 1116 demum
702 1054 753 1115 est
767 1048 924 1137 epodosis
938 1050 982 1117 ad
1000 1075 1034 1117 v.
1050 1058 1081 1117 2.
1106 1055 1219 1118 Hostes
1237 1049 1382 1118 adducet
1393 1051 1543 1140 seroces,

204 1161 284 1249 ·qui
305 1157 511 1244 elegantiam
531 1154 797 1244 pulchritudinis
828 1160 862 1222 et
889 1155 1104 1246 splendorem
1132 1155 1331 1223 foedabunt.
1358 1157 1544 1226 Peculiaris

224 1288 335 1357 poena
354 1267 390 1331 iu
404 1287 443 1331 eo
457 1262 727 1353 deprehenditur
740 1262 834 1352 quod
854 1261 1027 1350 elegantia
1039 1269 1072 1328 et
1090 1264 1255 1352 sapientia
1269 1265 1493 1352 prosternitur
1508 1270 1545 1330 et

224 1371 379 1438 foedatur
393 1371 437 1438 ab
456 1370 553 1436 hoste
568 1370 684 1435 feroci.
703 1368 842 1435 luteritu
861 1371 1089 1454 ignominioso
1104 1375 1137 1436 et
1150 1370 1244 1461 turpi
1261 1392 1317 1435 rex
1330 1371 1439 1457 tyrius
1453 1371 1544 1461 peri-

225 1479 274 1544 bit
285 1479 343 1567 qui
359 1500 393 1543 se
409 1477 473 1543 diis
493 1477 651 1564 aequavit
669 1497 700 1542 v.
715 1481 734 1541 8
754 1506 768 1535 u
783 1476 1031 1563 interficientct
1046 1476 1269 1543 detrahentis
1288 1489 1321 1542 et
1338 1477 1490 1542 morieris
1508 1477 1545 1543 in

224 1585 363 1652 interitu
379 1583 567 1650 occisorum
582 1583 617 1648 in
631 1581 729 1648 corde
742 1582 844 1648 muris
866 1601 900 1661 »;
916 1621 960 1631 -
972 1583 1072 1651 hebr.
1090 1584 1126 1650 in
1136 1585 1273 1672 soccum
1293 1597 1324 1650 tc
1339 1583 1497 1650 deliciunt
1510 1598 1545 1650 et

223 1690 378 1757 rrrorieris
401 1688 565 1756 mortibus
589 1689 767 1777 transfossi
786 1690 810 1754 i.
830 1711 860 1756 e.
881 1695 988 1756 morte
1008 1690 1153 1756 maxime
1172 1690 1312 1773 acerba,
1339 1713 1425 1779 quae
1444 1693 1543 1780 quasi

176 1805 179 1811 '
224 1798 341 1866 mortis
359 1817 488 1883 genera
506 1802 540 1862 et
562 1795 695 1862 dolores
715 1795 750 1861 in
774 1818 809 1862 se
829 1797 1012 1880 contineat,
1036 1803 1230 1886 morteque
1254 1817 1433 1863 commune
1453 1797 1544 1862 mili-

222 1911 296 1972 tum
319 1903 444 1990 vulgus
464 1902 509 1968 ab
534 1902 632 1969 hoste
658 1903 782 1969 victore
814 1902 985 1992 plectitur.
1025 1904 1134 1989 Regni
1162 1903 1376 1994 civitatisque
1404 1903 1542 1970 ruinam

223 2011 325 2079 simili
337 2010 439 2078 modo
451 2010 488 2075 in
504 2009 603 2096 regui
621 2009 732 2097 capite
742 2007 899 2099 depingit
910 2009 1076 2090 Ezechiel,
1093 2032 1160 2098 quo
1173 2011 1274 2076 lsaias
1288 2010 1325 2076 in
1339 2031 1420 2096 rege
1430 2009 1540 2096 Baby-

223 2118 308 2185 lonis
321 2139 435 2186 casum
455 2116 554 2202 regni
572 2112 785 2203 babylonici3
802 2113 880 2180 vide
894 2119 933 2182 ts
955 2120 1068 2197 tate.
1086 2119 1157 2182 Non
1172 2117 1243 2207 sine
1258 2137 1427 2184 sarcasmo
1445 2139 1540 2208 repe-

224 2227 308 2291 titur
327 2225 364 2290 in
390 2222 487 2289 corde
512 2220 632 2301 muris,
654 2243 731 2287 cum
749 2219 792 2286 de
810 2243 850 2287 eo
876 2221 964 2288 adeo
986 2222 1029 2288 sit
1056 2222 1223 2308 gloriatus
1242 2245 1300 2290 rex
1321 2246 1353 2292 v.
1385 2229 1422 2304 ἒς
1445 2229 1537 2304 Hm.

184 2413 189 2426 Ι
226 2336 346 2398 Verum
359 2329 523 2418 loquendi
537 2347 662 2417 pompa
672 2334 706 2393 et
718 2333 830 2393 tumor
843 2328 984 2394 cessabit
1001 2351 1033 2396 v.
1056 2334 1075 2395 9
1091 2356 1106 2390 u
1119 2329 1290 2419 nutuquid
1296 2331 1410 2397 dicens
1424 2331 1541 2420 loque-

223 2437 295 2504 ris:
313 2437 394 2504 detis
406 2457 467 2524 epo
485 2457 573 2516 sum,
590 2455 705 2500 corum
720 2433 996 2522 interficientibus
1012 2447 1056 2516 tc,
1074 2457 1150 2502 cum
1159 2435 1200 2502 sis
1214 2437 1313 2502 domo
1334 2449 1366 2502 et
1377 2459 1445 2502 non
1459 2436 1542 2504 deus

223 2545 259 2609 in
282 2567 388 2610 manu
410 2541 634 2608 occidemium
657 2544 711 2607 tc?
738 2563 770 2606 v.
803 2548 842 2607 10
864 2553 972 2608 morte
996 2541 1309 2609 incircumcisorum
1332 2543 1483 2610 moneris
1505 2544 1542 2608 in

145 2632 148 2639 ⁵
223 2673 329 2719 mauu
341 2651 543 2730 alienorum,
558 2648 640 2739 quia
649 2670 710 2737 epo
722 2644 853 2715 locutus
864 2669 952 2731 stem,
968 2649 1017 2715 uit
1030 2649 1194 2716 Dominus
1203 2653 1292 2718 Deus
1304 2671 1338 2733 »ς
1352 2688 1397 2700 -
1408 2679 1423 2713 «
1436 2672 1542 2740 quan-

223 2758 267 2825 do
281 2765 326 2842 te,
339 2757 462 2847 inquit,
480 2756 577 2843 regia
587 2760 750 2844 potestate
765 2755 952 2845 privabunt
968 2756 992 2821 ii
1006 2778 1091 2845 quos
1105 2762 1264 2824 contrate
1279 2758 1391 2825 hostes
1403 2760 1535 2839 misero,

222 2872 323 2954 teque
339 2862 552 2945 interficient,
573 2882 658 2927 num
672 2862 820 2927 fremens
834 2867 869 2927 et
887 2864 1085 2947 arrogantia
1099 2862 1244 2929 insolens
1261 2863 1362 2931 deum
1378 2870 1412 2933 te
1428 2866 1540 2954 ipsum

223 2970 429 3050 nominabis,
448 2969 546 3058 quasi
560 2990 616 3034 eos
628 2967 682 3034 dei
698 2967 925 3058 appellatione
941 2969 1241 3058 perterrefaciens?
1254 2992 1373 3036 verum
1387 2971 1452 3037 hoc
1465 2971 1542 3037 fieri

224 3079 355 3167 nequit3
376 3097 492 3142 rerum
514 3074 605 3141 enim
624 3074 844 3140 commutatio
863 3075 1044 3164 superbiae
1066 3098 1201 3164 quoque
1220 3078 1441 3144 mutationem
1457 3078 1542 3144 affe-

224 3190 274 3251 ret
289 3184 461 3272 diseesque
486 3180 658 3247 hominem
677 3201 747 3246 esse
771 3185 817 3261 te,
837 3201 906 3246 nou
927 3181 1093 3263 deum...;
1111 3181 1224 3249 valida
1246 3189 1296 3250 est
1312 3184 1403 3250 enim
1427 3188 1461 3250 et
1484 3184 1538 3251 cui

224 3291 330 3357 resisti
346 3290 465 3378 nequit
478 3310 553 3354 mea
572 3287 740 3353 sententia
762 3316 778 3349 »
802 3286 966 3376 (Theoti).
988 3292 1092 3355 Homo
1109 3289 1363 3357 incircumcisus
1382 3289 1544 3358 Hebraeis

225 3402 272 3463 est
286 3398 390 3463 homo
405 3394 548 3483 impius,
568 3395 736 3483 impurus,
753 3394 947 3474 idololatra,
970 3394 1225 3477 abominabilis;
1246 3396 1336 3463 uude
1356 3420 1414 3464 rex
1437 3399 1544 3465 talem

225 3494 339 3570 subire
358 3505 502 3566 mortem
524 3501 708 3567 violentam
724 3508 757 3568 et
771 3500 1034 3587 ignominiosam
1050 3500 1184 3585 dicitur,
1206 3502 1317 3593 qualis
1332 3504 1463 3570 homini
1475 3528 1546 3571 soe-

226 3610 306 3675 lesto
320 3606 473 3675 debetur.

609 3836 638 3901 9>
654 3835 794 3887 carmen
813 3832 952 3896 lugubre
971 3832 1026 3899 28,
1045 3834 1156 3887 11-1e.

241 4091 243 4095 ,
268 4016 560 4099 Quemadmodum
576 4022 654 4096 223
671 4038 741 4107 seq.
760 4022 792 4082 et
807 4022 939 4100 983-5,
958 4018 1123 4107 inpriore
1143 4020 1303 4088 carminis
1318 4027 1414 4111 parte
1429 4026 1543 4111 gloria

225 4133 257 4194 et
271 4125 432 4216 splendor
451 4123 541 4211 regis
559 4122 763 4189 describitur
776 4132 810 4188 et
824 4124 910 4190 sicut
925 4147 983 4191 rex
998 4148 1032 4191 se
1045 4124 1147 4191 deum
1167 4128 1301 4195 vocavit
1312 4135 1344 4196 et
1362 4130 1397 4195 in
1418 4131 1547 4199 throno

226 4233 341 4299 divino
359 4231 532 4298 sedentem
552 4253 586 4295 se
600 4231 750 4314 iactavit,
768 4230 815 4296 ita
829 4230 886 4296 hie
899 4252 1034 4321 quoque
1053 4232 1146 4299 velut
1164 4233 1280 4301 diviua
1295 4236 1367 4302 eius
1382 4236 1542 4325 pulchri-

227 4338 309 4404 tudo
323 4361 363 4404 ae
381 4339 538 4404 maiestas
553 4335 759 4415 celebratur;
773 4360 806 4403 v.
831 4344 870 4403 11
887 4368 901 4398 «
918 4340 965 4404 Et
974 4338 1090 4427 factrus
1102 4353 1150 4405 cst
1160 4363 1269 4407 sermo
1284 4342 1480 4409 Dominiuu'
1491 4368 1549 4411 mr

226 4444 339 4511 dicens
358 4463 369 4509 :
387 4444 443 4532 fili
454 4443 600 4510 iromt‘nis
616 4442 689 4508 lecu
697 4443 882 4532 planctum
897 4466 998 4535 super
1012 4467 1124 4534 rupem
1143 4447 1223 4536 Tyri
1233 4470 1264 4513 v.
1283 4455 1324 4515 12
1340 4462 1373 4515 ct
1384 4448 1476 4516 dices
1487 4453 1521 4518 ci
1530 4475 1544 4519 :

226 4553 310 4618 buce
328 4550 410 4617 dicit
423 4549 588 4616 Dominus
600 4552 713 4616 Decus:
734 4561 771 4615 tu
785 4549 998 4641 signaculum
1017 4550 1259 4635 similitudim's,
1270 4556 1396 4645 plenus
1405 4558 1547 4647 supien-

227 4658 275 4725 tiu
290 4670 323 4725 ct
334 4658 507 4748 perfectus
519 4656 637 4722 decore
659 4659 692 4723 »l
714 4696 758 4706 -
772 4678 832 4723 eae
846 4656 920 4724 scil.
941 4658 1070 4739 laudes,
1089 4660 1242 4741 virtutes,
1257 4660 1348 4729 bona
1362 4686 1546 4732 recensen-

225 4772 281 4833 tur
294 4786 381 4855 quac
396 4786 453 4829 rex
476 4764 584 4849 tyrius
598 4784 660 4851 pro
674 4784 733 4829 sua
752 4763 914 4852 superbia
934 4770 967 4830 et
981 4764 1126 4832 elatione
1147 4766 1261 4833 cordis
1280 4768 1424 4859 sibiipsi
1441 4774 1544 4839 attri-
